<record><header><identifier>oai:alma.41SLSP_UGE:991000012929705502</identifier><datestamp>2023-03-01T01:09:19Z</datestamp><setSpec>uge_bcen_RapidILL_BOOK</setSpec><setSpec>uge_aaca_RapidILL_BOOK</setSpec><setSpec>uge_abels_RapidILL_BOOK</setSpec><setSpec>uge_dbu_RapidILL_BOOK</setSpec><setSpec>uge_cmu_RapidILL_BOOK</setSpec><setSpec>uge_mail_RapidILL_BOOK</setSpec><setSpec>UNIGE_ALL</setSpec><setSpec>uge_abbat_RapidILL_BOOK</setSpec><setSpec>uge_aobs_RapidILL_BOOK</setSpec><setSpec>uge_acar_RapidILL_BOOK</setSpec></header><metadata>
<record xmlns="http://www.loc.gov/MARC21/slim" xmlns:xsi="http://www.w3.org/2001/XMLSchema-instance" xsi:schemaLocation="http://www.loc.gov/MARC21/slim http://www.loc.gov/standards/marcxml/schema/MARC21slim.xsd"><leader>01497nam a2200409 c 4500</leader><controlfield tag="001">991000012929705502</controlfield><controlfield tag="005">20201229222456.0</controlfield><controlfield tag="008">201011s1982    sz ||||| |||| 00| ||fre d</controlfield><datafield ind1=" " ind2=" " tag="035"><subfield code="a">(swissbib)216224934-41slsp_network</subfield></datafield><datafield ind1=" " ind2=" " tag="035"><subfield code="a">216224934</subfield><subfield code="9">ExL</subfield></datafield><datafield ind1=" " ind2=" " tag="035"><subfield code="a">(RERO)0438977-41slsp</subfield></datafield><datafield ind1=" " ind2=" " tag="035"><subfield code="a">(IDSBB)000028178DSV01</subfield></datafield><datafield ind1=" " ind2=" " tag="035"><subfield code="a">(NEBIS)003110421EBI01</subfield></datafield><datafield ind1=" " ind2=" " tag="035"><subfield code="a">(EXLNZ-41SLSP_NETWORK)991075018679705501</subfield></datafield><datafield ind1=" " ind2=" " tag="040"><subfield code="a">RERO</subfield><subfield code="d">CH-ZuSLS</subfield></datafield><datafield ind1="1" ind2=" " tag="041"><subfield code="a">fre</subfield><subfield code="h">gmh</subfield></datafield><datafield ind1=" " ind2=" " tag="044"><subfield code="a">sz</subfield><subfield code="c">ch-ge</subfield></datafield><datafield ind1=" " ind2="7" tag="072"><subfield code="a">fr</subfield><subfield code="2">rero</subfield></datafield><datafield ind1=" " ind2="7" tag="072"><subfield code="a">fr</subfield><subfield code="2">SzZuIDS BS/BE</subfield></datafield><datafield ind1="1" ind2=" " tag="080"><subfield code="a">840&quot;15&quot;PAL.PV7His</subfield></datafield><datafield ind1="0" ind2="0" tag="082"><subfield code="a">843/.3</subfield><subfield code="2">19</subfield></datafield><datafield ind1="1" ind2=" " tag="100"><subfield code="a">Palma-Cayet, Pierre-Victor</subfield><subfield code="d">1525-1610</subfield><subfield code="0">(DE-588)104342773</subfield></datafield><datafield ind1="1" ind2="0" tag="245"><subfield code="a">&lt;&lt;L'&gt;&gt;histoire prodigieuse du docteur Fauste</subfield><subfield code="c">[trad.:] Pierre-Victor Palma-Cayet ; publ. avec introd. et notes par Yves Cazaux</subfield></datafield><datafield ind1=" " ind2="1" tag="264"><subfield code="a">Genève</subfield><subfield code="b">Droz</subfield><subfield code="c">1982</subfield></datafield><datafield ind1=" " ind2=" " tag="300"><subfield code="a">213 p.</subfield><subfield code="c">18 cm</subfield></datafield><datafield ind1=" " ind2=" " tag="336"><subfield code="b">txt</subfield><subfield code="2">rdacontent</subfield></datafield><datafield ind1=" " ind2=" " tag="337"><subfield code="b">n</subfield><subfield code="2">rdamedia</subfield></datafield><datafield ind1=" " ind2=" " tag="338"><subfield code="b">nc</subfield><subfield code="2">rdacarrier</subfield></datafield><datafield ind1="1" ind2=" " tag="490"><subfield code="a">Textes littéraires français</subfield><subfield code="v">313</subfield></datafield><datafield ind1=" " ind2=" " tag="500"><subfield code="a">Entveröff. der Uebersetzung von Pierre Victor Palma Cayet ca. 1598</subfield></datafield><datafield ind1="1" ind2="0" tag="600"><subfield code="a">Faust</subfield><subfield code="d">-approximately 1540</subfield><subfield code="v">Legends</subfield></datafield><datafield ind1=" " ind2=" " tag="690"><subfield code="a">Faust, Johannes / Literarisches / Ausgaben / Einzelne Autoren und Texte</subfield><subfield code="2">uzb-Z9</subfield></datafield><datafield ind1="1" ind2=" " tag="700"><subfield code="a">Cayet, Pierre Victor Palma</subfield><subfield code="d">1525-1610</subfield><subfield code="0">(IDREF)026773309</subfield></datafield><datafield ind1="1" ind2=" " tag="700"><subfield code="a">Cazaux, Yves</subfield><subfield code="d">1909-1999</subfield><subfield code="0">(IDREF)026773619</subfield></datafield><datafield ind1="0" ind2=" " tag="730"><subfield code="a">Faust</subfield><subfield code="l">Français</subfield></datafield><datafield ind1=" " ind2=" " tag="830"><subfield code="a">Textes littéraires français</subfield><subfield code="p">Droz</subfield><subfield code="v">313</subfield><subfield code="w">(NEBIS)001006778EBI01</subfield></datafield><datafield ind1=" " ind2=" " tag="900"><subfield code="a">REROnoselfmerge</subfield></datafield><datafield ind1=" " ind2=" " tag="900"><subfield code="a">IDSZRMedeaZBZ</subfield></datafield></record>
</metadata></record>