<record><header><identifier>oai:alma.41SLSP_UGE:991000013239705502</identifier><datestamp>2023-03-01T01:09:19Z</datestamp><setSpec>uge_bcen_RapidILL_BOOK</setSpec><setSpec>uge_aaca_RapidILL_BOOK</setSpec><setSpec>uge_abels_RapidILL_BOOK</setSpec><setSpec>uge_dbu_RapidILL_BOOK</setSpec><setSpec>uge_cmu_RapidILL_BOOK</setSpec><setSpec>uge_mail_RapidILL_BOOK</setSpec><setSpec>UNIGE_ALL</setSpec><setSpec>uge_abbat_RapidILL_BOOK</setSpec><setSpec>uge_aobs_RapidILL_BOOK</setSpec><setSpec>uge_acar_RapidILL_BOOK</setSpec></header><metadata>
<record xmlns="http://www.loc.gov/MARC21/slim" xmlns:xsi="http://www.w3.org/2001/XMLSchema-instance" xsi:schemaLocation="http://www.loc.gov/MARC21/slim http://www.loc.gov/standards/marcxml/schema/MARC21slim.xsd"><leader>01805nam a2200481 c 4500</leader><controlfield tag="001">991000013239705502</controlfield><controlfield tag="005">20201222231634.0</controlfield><controlfield tag="008">201011s1970    gw ||||| |||| 00| ||lat d</controlfield><datafield ind1=" " ind2=" " tag="035"><subfield code="a">(swissbib)225147769-41slsp_network</subfield></datafield><datafield ind1=" " ind2=" " tag="035"><subfield code="a">225147769</subfield><subfield code="9">ExL</subfield></datafield><datafield ind1=" " ind2=" " tag="035"><subfield code="a">(RERO)0029174-41slsp</subfield></datafield><datafield ind1=" " ind2=" " tag="035"><subfield code="a">(SBT)000862483SBT01</subfield></datafield><datafield ind1=" " ind2=" " tag="035"><subfield code="a">(NEBIS)002918557EBI01</subfield></datafield><datafield ind1=" " ind2=" " tag="035"><subfield code="a">(IDSBB)000110959DSV01</subfield></datafield><datafield ind1=" " ind2=" " tag="035"><subfield code="a">(NEBIS)008953883EBI01</subfield></datafield><datafield ind1=" " ind2=" " tag="035"><subfield code="a">(EXLNZ-41SLSP_NETWORK)991125911229705501</subfield></datafield><datafield ind1=" " ind2=" " tag="040"><subfield code="a">RERO</subfield><subfield code="d">CH-ZuSLS</subfield></datafield><datafield ind1=" " ind2="7" tag="072"><subfield code="a">la</subfield><subfield code="2">rero</subfield></datafield><datafield ind1=" " ind2="7" tag="072"><subfield code="a">kp</subfield><subfield code="2">SzZuIDS BS/BE</subfield></datafield><datafield ind1="1" ind2=" " tag="080"><subfield code="a">871VALEF7Arg</subfield></datafield><datafield ind1="0" ind2="4" tag="082"><subfield code="a">873</subfield><subfield code="b">V16a-c</subfield></datafield><datafield ind1="1" ind2=" " tag="100"><subfield code="a">Valerius Flaccus, Caius</subfield><subfield code="d">0045?-0090?</subfield><subfield code="0">(IDREF)028635175</subfield><subfield code="4">cre</subfield></datafield><datafield ind1="1" ind2="0" tag="240"><subfield code="a">Argonautica</subfield></datafield><datafield ind1="1" ind2="0" tag="245"><subfield code="a">C. Valeri Flacci Argonauticon libri octo</subfield><subfield code="c">recensuit Edward Courtney</subfield></datafield><datafield ind1="1" ind2="3" tag="246"><subfield code="a">Caii Valeri Flacci Argonauticon libri octo</subfield></datafield><datafield ind1=" " ind2="1" tag="264"><subfield code="a">Leipzig</subfield><subfield code="b">B. G. Teubner</subfield><subfield code="c">1970</subfield></datafield><datafield ind1=" " ind2=" " tag="300"><subfield code="a">LVIII, 192 p.</subfield><subfield code="c">21 cm</subfield></datafield><datafield ind1=" " ind2=" " tag="336"><subfield code="b">txt</subfield><subfield code="2">rdacontent</subfield></datafield><datafield ind1=" " ind2=" " tag="337"><subfield code="b">n</subfield><subfield code="2">rdamedia</subfield></datafield><datafield ind1=" " ind2=" " tag="338"><subfield code="b">nc</subfield><subfield code="2">rdacarrier</subfield></datafield><datafield ind1="1" ind2=" " tag="490"><subfield code="a">Bibliotheca scriptorum Graecorum et Romanorum Teubneriana</subfield></datafield><datafield ind1=" " ind2=" " tag="500"><subfield code="a">Con apparato critico</subfield></datafield><datafield ind1="0" ind2="0" tag="600"><subfield code="a">Medea</subfield><subfield code="c">consort of Aegeus, King of Athens (Mythological character</subfield><subfield code="v">Poetry</subfield></datafield><datafield ind1=" " ind2="0" tag="650"><subfield code="a">Argonauts (Greek mythology)</subfield><subfield code="v">Poetry</subfield></datafield><datafield ind1=" " ind2="0" tag="650"><subfield code="a">Jason (Greek mythology)</subfield><subfield code="v">Poetry</subfield></datafield><datafield ind1=" " ind2=" " tag="691"><subfield code="e">880</subfield><subfield code="a">Letterature classiche (greca e latina)</subfield><subfield code="2">usi-TE</subfield></datafield><datafield ind1="1" ind2=" " tag="700"><subfield code="a">Valerius Flaccus Setinus Balbus, Gaius</subfield><subfield code="0">(SBT11)000008176</subfield></datafield><datafield ind1="1" ind2=" " tag="700"><subfield code="a">Valerius Flaccus Setinus Balbus, Gaius</subfield><subfield code="d">-90</subfield><subfield code="0">(DE-588)118625950</subfield></datafield><datafield ind1="1" ind2="2" tag="700"><subfield code="a">Valerius Flaccus, Caius</subfield><subfield code="t">Argonautica</subfield></datafield><datafield ind1="1" ind2=" " tag="700"><subfield code="a">Courtney, Edward</subfield><subfield code="d">1932-....</subfield><subfield code="0">(IDREF)030182670</subfield></datafield><datafield ind1=" " ind2=" " tag="830"><subfield code="a">Bibliotheca scriptorum graecorum et romanorum teubneriana</subfield><subfield code="w">(RERO)0000217-41slsp</subfield></datafield><datafield ind1=" " ind2=" " tag="900"><subfield code="a">REROnoselfmerge</subfield></datafield><datafield ind1=" " ind2=" " tag="900"><subfield code="a">IDSZRMedeaZBZ</subfield><subfield code="b">IDSZRSWK</subfield></datafield><datafield ind1=" " ind2=" " tag="900"><subfield code="f">IDSU2medea</subfield></datafield></record>
</metadata></record>