<record><header><identifier>oai:alma.41SLSP_UGE:991000012819705502</identifier><datestamp>2023-07-01T00:20:32Z</datestamp><setSpec>uge_bcen_RapidILL_BOOK</setSpec><setSpec>uge_aaca_RapidILL_BOOK</setSpec><setSpec>uge_abels_RapidILL_BOOK</setSpec><setSpec>uge_dbu_RapidILL_BOOK</setSpec><setSpec>uge_cmu_RapidILL_BOOK</setSpec><setSpec>uge_mail_RapidILL_BOOK</setSpec><setSpec>uge_abbat_RapidILL_BOOK</setSpec><setSpec>UNIGE_ALL</setSpec><setSpec>uge_acar_RapidILL_BOOK</setSpec><setSpec>uge_aobs_RapidILL_BOOK</setSpec></header><metadata>
<record xmlns="http://www.loc.gov/MARC21/slim" xmlns:xsi="http://www.w3.org/2001/XMLSchema-instance" xsi:schemaLocation="http://www.loc.gov/MARC21/slim http://www.loc.gov/standards/marcxml/schema/MARC21slim.xsd"><leader>02592nam a2200685uc 4500</leader><controlfield tag="001">991000012819705502</controlfield><controlfield tag="005">20230630214502.0</controlfield><controlfield tag="008">201012s1997    gw       l    00| | ger d</controlfield><datafield ind1=" " ind2=" " tag="015"><subfield code="a">97,N39,0386</subfield></datafield><datafield ind1=" " ind2=" " tag="020"><subfield code="a">3406427421</subfield></datafield><datafield ind1=" " ind2=" " tag="035"><subfield code="a">(swissbib)239846761-41slsp_network</subfield></datafield><datafield ind1=" " ind2=" " tag="035"><subfield code="a">239846761</subfield><subfield code="9">ExL</subfield></datafield><datafield ind1=" " ind2=" " tag="035"><subfield code="a">(IDSBB)001495388DSV01</subfield></datafield><datafield ind1=" " ind2=" " tag="035"><subfield code="a">(RERO)R224805560-41slsp</subfield></datafield><datafield ind1=" " ind2=" " tag="035"><subfield code="a">(NEBIS)001875042EBI01</subfield></datafield><datafield ind1=" " ind2=" " tag="035"><subfield code="a">(IDSSG)000166772HSB01</subfield></datafield><datafield ind1=" " ind2=" " tag="035"><subfield code="a">(EXLNZ-41SLSP_NETWORK)991141658819705501</subfield></datafield><datafield ind1=" " ind2=" " tag="040"><subfield code="a">SzZuIDS BS/BE A266</subfield><subfield code="b">ger</subfield><subfield code="e">kids</subfield><subfield code="d">CH-ZuSLS</subfield></datafield><datafield ind1=" " ind2="7" tag="072"><subfield code="a">rw</subfield><subfield code="2">SzZuIDS BS/BE</subfield></datafield><datafield ind1=" " ind2="7" tag="072"><subfield code="a">dr</subfield><subfield code="2">rero</subfield></datafield><datafield ind1="1" ind2="4" tag="082"><subfield code="a">340</subfield><subfield code="2">15</subfield></datafield><datafield ind1=" " ind2=" " tag="084"><subfield code="a">PE 700</subfield><subfield code="2">rvk</subfield></datafield><datafield ind1=" " ind2=" " tag="084"><subfield code="a">PE 710</subfield><subfield code="2">rvk</subfield></datafield><datafield ind1=" " ind2=" " tag="084"><subfield code="a">PE 720</subfield><subfield code="2">rvk</subfield></datafield><datafield ind1=" " ind2=" " tag="084"><subfield code="a">CA/D 86.1 b</subfield><subfield code="2">cjurrom</subfield></datafield><datafield ind1="1" ind2=" " tag="100"><subfield code="6">880-01</subfield><subfield code="a">Mes, Peter</subfield><subfield code="0">(IDREF)102203156</subfield><subfield code="4">cre</subfield></datafield><datafield ind1="1" ind2=" " tag="880"><subfield code="a">Mes, Peter</subfield><subfield code="d">1943-</subfield><subfield code="0">(DE-588)11539706X</subfield><subfield code="6">100-01</subfield></datafield><datafield ind1="1" ind2="0" tag="245"><subfield code="a">Patentgesetz, Gebrauchsmustergesetz</subfield><subfield code="c">erläutert von Peter Mes</subfield></datafield><datafield ind1="1" ind2=" " tag="246"><subfield code="a">GebrMG</subfield></datafield><datafield ind1="1" ind2=" " tag="246"><subfield code="a">PatG</subfield></datafield><datafield ind1=" " ind2="1" tag="264"><subfield code="a">München</subfield><subfield code="b">C. H. Beck</subfield><subfield code="c">1997</subfield></datafield><datafield ind1=" " ind2=" " tag="300"><subfield code="a">XXV, 899 S.</subfield><subfield code="c">19 cm</subfield></datafield><datafield ind1=" " ind2=" " tag="336"><subfield code="b">txt</subfield><subfield code="2">rdacontent</subfield></datafield><datafield ind1=" " ind2=" " tag="337"><subfield code="b">n</subfield><subfield code="2">rdamedia</subfield></datafield><datafield ind1=" " ind2=" " tag="338"><subfield code="b">nc</subfield><subfield code="2">rdacarrier</subfield></datafield><datafield ind1=" " ind2=" " tag="500"><subfield code="a">Titre du dos: PatG, GebrMG</subfield></datafield><datafield ind1=" " ind2=" " tag="500"><subfield code="a">Rückentitel: PatG, GebrMG</subfield></datafield><datafield ind1=" " ind2=" " tag="504"><subfield code="a">Bibliogr.</subfield></datafield><datafield ind1=" " ind2=" " tag="504"><subfield code="a">Literaturverz.</subfield></datafield><datafield ind1="0" ind2=" " tag="505"><subfield code="a">Enthält den entsprechenden Gesetzestext</subfield></datafield><datafield ind1="1" ind2="7" tag="610"><subfield code="a">Deutschland</subfield><subfield code="t">Patentgesetz</subfield><subfield code="f">1936</subfield><subfield code="0">(DE-588)4173530-4</subfield><subfield code="2">gnd</subfield></datafield><datafield ind1="1" ind2="7" tag="610"><subfield code="a">Deutschland</subfield><subfield code="t">Gebrauchsmustergesetz</subfield><subfield code="0">(DE-588)4128708-3</subfield><subfield code="2">gnd</subfield></datafield><datafield ind1=" " ind2="7" tag="650"><subfield code="a">Patentrecht</subfield><subfield code="z">Deutschland (BRD)</subfield><subfield code="v">Kommentar</subfield><subfield code="2">idsbb</subfield></datafield><datafield ind1=" " ind2="7" tag="650"><subfield code="a">Musterrecht</subfield><subfield code="z">Deutschland (BRD)</subfield><subfield code="v">Kommentar</subfield><subfield code="2">idsbb</subfield></datafield><datafield ind1=" " ind2="7" tag="650"><subfield code="a">Erfindungspatent</subfield><subfield code="9">ger</subfield><subfield code="0">(RERO)jurivoc000007165ger</subfield><subfield code="2">jurivoc</subfield></datafield><datafield ind1=" " ind2="7" tag="650"><subfield code="a">Designschutz</subfield><subfield code="9">ger</subfield><subfield code="0">(RERO)jurivoc000005487ger</subfield><subfield code="2">jurivoc</subfield></datafield><datafield ind1=" " ind2="7" tag="650"><subfield code="a">Brevets d'invention</subfield><subfield code="0">(IDREF)02750610X</subfield><subfield code="2">idref</subfield></datafield><datafield ind1=" " ind2="7" tag="650"><subfield code="a">Droit</subfield><subfield code="0">(IDREF)027466868</subfield><subfield code="2">idref</subfield></datafield><datafield ind1=" " ind2="7" tag="650"><subfield code="a">Dessins et modèles</subfield><subfield code="0">(IDREF)027743012</subfield><subfield code="2">idref</subfield></datafield><datafield ind1=" " ind2="7" tag="651"><subfield code="a">Deutschland</subfield><subfield code="9">ger</subfield><subfield code="0">(RERO)jurivoc000005510ger</subfield><subfield code="2">jurivoc</subfield></datafield><datafield ind1=" " ind2="7" tag="651"><subfield code="a">Allemagne</subfield><subfield code="0">(IDREF)027218856</subfield><subfield code="2">idref</subfield></datafield><datafield ind1=" " ind2="7" tag="655"><subfield code="a">Textreproduktion</subfield><subfield code="9">ger</subfield><subfield code="2">jurivoc</subfield><subfield code="0">(RERO)jurivoc000022433ger</subfield></datafield><datafield ind1=" " ind2="7" tag="655"><subfield code="a">Kommentar(Werk)</subfield><subfield code="9">ger</subfield><subfield code="2">jurivoc</subfield><subfield code="0">(RERO)jurivoc000013038ger</subfield></datafield><datafield ind1=" " ind2="7" tag="655"><subfield code="a">Manuels d'enseignement</subfield><subfield code="0">(IDREF)027446514</subfield><subfield code="2">idref</subfield></datafield><datafield ind1=" " ind2="7" tag="655"><subfield code="a">Kommentar</subfield><subfield code="2">gnd-content</subfield></datafield><datafield ind1="1" ind2="2" tag="700"><subfield code="a">Mes, Peter</subfield><subfield code="t">PatG, GebrMG</subfield></datafield><datafield ind1="1" ind2="2" tag="710"><subfield code="a">Deutschland</subfield><subfield code="t">Lois et arrêtés</subfield><subfield code="d">1981</subfield></datafield><datafield ind1="1" ind2="2" tag="710"><subfield code="a">Deutschland</subfield><subfield code="t">Lois et arrêtés</subfield><subfield code="d">1986</subfield></datafield><datafield ind1="2" ind2=" " tag="710"><subfield code="a">Deutschland</subfield><subfield code="g">Bundesrepublik</subfield><subfield code="0">(DE-588)4011889-7</subfield><subfield code="6">880-03</subfield></datafield><datafield ind1="1" ind2=" " tag="880"><subfield code="a">Deutschland</subfield><subfield code="0">(DE-588)4011882-4</subfield><subfield code="6">710-03</subfield></datafield><datafield ind1=" " ind2=" " tag="751"><subfield code="a">Deutschland</subfield><subfield code="0">(DE-588)4011882-4</subfield></datafield></record>
</metadata></record>