<record><header><identifier>oai:alma.41SLSP_UGE:991000013049705502</identifier><datestamp>2024-05-15T00:09:49Z</datestamp><setSpec>uge_bcen_RapidILL_BOOK</setSpec><setSpec>uge_aaca_RapidILL_BOOK</setSpec><setSpec>uge_abels_RapidILL_BOOK</setSpec><setSpec>uge_dbu_RapidILL_BOOK</setSpec><setSpec>uge_cmu_RapidILL_BOOK</setSpec><setSpec>uge_mail_RapidILL_BOOK</setSpec><setSpec>uge_abbat_RapidILL_BOOK</setSpec><setSpec>UNIGE_ALL</setSpec><setSpec>uge_aobs_RapidILL_BOOK</setSpec><setSpec>uge_acar_RapidILL_BOOK</setSpec></header><metadata>
<record xmlns="http://www.loc.gov/MARC21/slim" xmlns:xsi="http://www.w3.org/2001/XMLSchema-instance" xsi:schemaLocation="http://www.loc.gov/MARC21/slim http://www.loc.gov/standards/marcxml/schema/MARC21slim.xsd"><leader>01851nam a2200409 c 4500</leader><controlfield tag="001">991000013049705502</controlfield><controlfield tag="005">20240514145111.0</controlfield><controlfield tag="008">201012s2013    sp ||||| |||| 00| ||spa d</controlfield><datafield ind1=" " ind2=" " tag="020"><subfield code="a">9788493929251</subfield></datafield><datafield ind1=" " ind2=" " tag="035"><subfield code="a">(swissbib)235889180-41slsp_network</subfield></datafield><datafield ind1=" " ind2=" " tag="035"><subfield code="a">235889180</subfield><subfield code="9">ExL</subfield></datafield><datafield ind1=" " ind2=" " tag="035"><subfield code="a">(RERO)R007513967-41slsp</subfield></datafield><datafield ind1=" " ind2=" " tag="035"><subfield code="a">(IDSBB)006245345DSV01</subfield></datafield><datafield ind1=" " ind2=" " tag="035"><subfield code="a">(NEBIS)009779771EBI01</subfield></datafield><datafield ind1=" " ind2=" " tag="035"><subfield code="a">(EXLNZ-41SLSP_NETWORK)991097754579705501</subfield></datafield><datafield ind1=" " ind2=" " tag="040"><subfield code="a">SpMaBN</subfield><subfield code="d">CH-ZuSLS</subfield></datafield><datafield ind1=" " ind2="7" tag="072"><subfield code="a">es</subfield><subfield code="2">rero</subfield></datafield><datafield ind1=" " ind2=" " tag="080"><subfield code="a">821.134.2-191&quot;14&quot;</subfield></datafield><datafield ind1="1" ind2=" " tag="080"><subfield code="a">860&quot;07/14&quot;PAL7Bat</subfield></datafield><datafield ind1="1" ind2=" " tag="100"><subfield code="a">Palencia, Alfonso de</subfield><subfield code="d">1423-1492</subfield><subfield code="0">(IDREF)030096006</subfield><subfield code="4">aut</subfield></datafield><datafield ind1="1" ind2="0" tag="245"><subfield code="a">&lt;&lt;La&gt;&gt; &quot;Batalla campal de los perros contra los lobos&quot;</subfield><subfield code="b">[una fábula moral de Alfonso de Palencia]</subfield><subfield code="c">José Julio Martín Romero [ed.]</subfield></datafield><datafield ind1=" " ind2="1" tag="264"><subfield code="a">San Millán de la Cogolla [La Rioja]</subfield><subfield code="b">Cilengua</subfield><subfield code="c">2013</subfield></datafield><datafield ind1=" " ind2=" " tag="300"><subfield code="a">164 p.</subfield><subfield code="c">22 cm</subfield></datafield><datafield ind1=" " ind2=" " tag="336"><subfield code="b">txt</subfield><subfield code="2">rdacontent</subfield></datafield><datafield ind1=" " ind2=" " tag="337"><subfield code="b">n</subfield><subfield code="2">rdamedia</subfield></datafield><datafield ind1=" " ind2=" " tag="338"><subfield code="b">nc</subfield><subfield code="2">rdacarrier</subfield></datafield><datafield ind1="1" ind2=" " tag="490"><subfield code="a">Monografías / Instituto Literatura y Traducción</subfield><subfield code="v">2</subfield></datafield><datafield ind1=" " ind2=" " tag="504"><subfield code="a">Bibliografía: p. [159]-164</subfield></datafield><datafield ind1="1" ind2="7" tag="600"><subfield code="a">Palencia, Alfonso Fernández de.</subfield><subfield code="t">Batalla campal de los perros contra los lobos</subfield><subfield code="0">(RERO)A024075565</subfield><subfield code="2">rero</subfield></datafield><datafield ind1="0" ind2="7" tag="600"><subfield code="a">Alfonsus</subfield><subfield code="c">de Palencia</subfield><subfield code="d">1423-1492</subfield><subfield code="0">(DE-588)100969690</subfield><subfield code="2">gnd</subfield></datafield><datafield ind1=" " ind2="7" tag="650"><subfield code="a">Fabel</subfield><subfield code="0">(DE-588)4016112-2</subfield><subfield code="2">gnd</subfield></datafield><datafield ind1="1" ind2=" " tag="700"><subfield code="6">880-02</subfield><subfield code="a">Martín Romero, José Julio</subfield><subfield code="d">1973-</subfield><subfield code="0">(IDREF)087823012</subfield></datafield><datafield ind1="1" ind2=" " tag="880"><subfield code="6">700-02</subfield><subfield code="a">Martín Romero, José Julio</subfield><subfield code="d">1973-</subfield><subfield code="0">(DE-588)1208218468</subfield></datafield><datafield ind1="4" ind2=" " tag="856"><subfield code="3">Titelblatt und Inhaltsverzeichnis</subfield><subfield code="u">https://toc.library.ethz.ch/objects/pdf03/z01_978-84-939292-5-1_01.pdf</subfield><subfield code="q">pdf</subfield></datafield><datafield ind1=" " ind2="0" tag="830"><subfield code="a">Monografías</subfield><subfield code="v">2</subfield><subfield code="w">(IDSBB)006303506DSV01</subfield></datafield><datafield ind1=" " ind2="0" tag="830"><subfield code="a">Monografías / Instituto Literatura y Traducción</subfield><subfield code="v">2</subfield><subfield code="w">(RERO)R008375698-41slsp</subfield></datafield><datafield ind1=" " ind2=" " tag="900"><subfield code="a">IDSZ2zbzmon201308e</subfield><subfield code="c">IDSZ2meyc</subfield><subfield code="d">IDSZ2zbzswk201308b</subfield><subfield code="e">IDSZ2brua</subfield></datafield><datafield ind1=" " ind2=" " tag="949"><subfield code="a">https://toc.library.ethz.ch/objects/pdf03/z01_978-84-939292-5-1_01.pdf</subfield></datafield><datafield ind1=" " ind2=" " tag="993"><subfield code="a">BFLA 255781</subfield><subfield code="x">ge/ules/a/13/545</subfield><subfield code="9">LOCAL</subfield></datafield></record>
</metadata></record>