<record><header><identifier>oai:alma.41SLSP_UGE:991000012529705502</identifier><datestamp>2023-03-01T01:09:19Z</datestamp><setSpec>uge_bcen_RapidILL_BOOK</setSpec><setSpec>uge_aaca_RapidILL_BOOK</setSpec><setSpec>uge_abels_RapidILL_BOOK</setSpec><setSpec>uge_dbu_RapidILL_BOOK</setSpec><setSpec>uge_cmu_RapidILL_BOOK</setSpec><setSpec>uge_mail_RapidILL_BOOK</setSpec><setSpec>UNIGE_ALL</setSpec><setSpec>uge_abbat_RapidILL_BOOK</setSpec><setSpec>uge_aobs_RapidILL_BOOK</setSpec><setSpec>uge_acar_RapidILL_BOOK</setSpec></header><metadata>
<record xmlns="http://www.loc.gov/MARC21/slim" xmlns:xsi="http://www.w3.org/2001/XMLSchema-instance" xsi:schemaLocation="http://www.loc.gov/MARC21/slim http://www.loc.gov/standards/marcxml/schema/MARC21slim.xsd"><leader>01607naa a2200301 c 4500</leader><controlfield tag="001">991000012529705502</controlfield><controlfield tag="005">20201126052242.0</controlfield><controlfield tag="008">061124s1985    sz ||||| |||| 00| ||ger d</controlfield><datafield ind1=" " ind2=" " tag="035"><subfield code="a">(swissbib)104424273-41slsp_network</subfield></datafield><datafield ind1=" " ind2=" " tag="035"><subfield code="a">104424273</subfield><subfield code="9">ExL</subfield></datafield><datafield ind1=" " ind2=" " tag="035"><subfield code="a">(RERO)R004273918-41slsp</subfield></datafield><datafield ind1=" " ind2=" " tag="035"><subfield code="a">(EXLNZ-41SLSP_NETWORK)991105101989705501</subfield></datafield><datafield ind1=" " ind2=" " tag="040"><subfield code="a">RERO vsbcvs</subfield><subfield code="d">CH-ZuSLS</subfield></datafield><datafield ind1="0" ind2=" " tag="041"><subfield code="a">ger</subfield><subfield code="a">fre</subfield></datafield><datafield ind1=" " ind2=" " tag="044"><subfield code="a">sz</subfield><subfield code="c">ch-bs</subfield></datafield><datafield ind1=" " ind2="7" tag="072"><subfield code="a">dr</subfield><subfield code="2">rero</subfield></datafield><datafield ind1="0" ind2="0" tag="245"><subfield code="a">Protokoll der 119. Jahresversammlung des Schweizerischen Juristenvereins vom 7. bis 8. September 1985 in Basel</subfield></datafield><datafield ind1="1" ind2=" " tag="246"><subfield code="a">Protokoll der 119. Jahresversammlung in Basel, 7.-8. September 1985</subfield></datafield><datafield ind1="1" ind2=" " tag="246"><subfield code="a">Procès-verbal de la 119e Assemblée annuelle à Bâle, 7-8 septembre 1985</subfield></datafield><datafield ind1="1" ind2=" " tag="246"><subfield code="a">Processo verbale della 119a Assemblea annuale a Basilea, 7-8 settembre 1985</subfield></datafield><datafield ind1=" " ind2=" " tag="336"><subfield code="b">txt</subfield><subfield code="2">rdacontent</subfield></datafield><datafield ind1=" " ind2=" " tag="337"><subfield code="b">n</subfield><subfield code="2">rdamedia</subfield></datafield><datafield ind1=" " ind2=" " tag="338"><subfield code="b">nc</subfield><subfield code="2">rdacarrier</subfield></datafield><datafield ind1=" " ind2=" " tag="580"><subfield code="a">In: Referate und Mitteilungen / Schweizerischer Juristenverein. - Basel. - 1985, H. 3, S. 295-426</subfield></datafield><datafield ind1=" " ind2=" " tag="580"><subfield code="a">In: Zeitschrift für schweizerisches Recht. - Basel. - Bd. 104(1985), 2. Hbd., S. 295-426</subfield></datafield><datafield ind1="2" ind2=" " tag="710"><subfield code="a">Société suisse des juristes</subfield><subfield code="b">Assemblée annuelle</subfield><subfield code="n">119</subfield><subfield code="d">1985</subfield><subfield code="c">Basel</subfield><subfield code="0">(RERO)A023189561</subfield></datafield><datafield ind1="0" ind2=" " tag="773"><subfield code="t">Referate und Mitteilungen / Schweizerischer Juristenverein = Rapports et communications / Société suisse des juristes = Rapporti e comunicazioni / Società svizzera dei giuristi</subfield><subfield code="g">1985/295</subfield><subfield code="g">yr:1985</subfield><subfield code="w">(RERO)0338170-41slsp</subfield></datafield><datafield ind1="0" ind2=" " tag="773"><subfield code="t">Zeitschrift für schweizerisches Recht = Revue de droit suisse = Rivista di diritto svizzero</subfield><subfield code="g">1985/2/295</subfield><subfield code="w">(RERO)0063074-41slsp</subfield></datafield><datafield ind1=" " ind2=" " tag="900"><subfield code="a">REROnoselfmerge</subfield></datafield></record>
</metadata></record>