<record><header><identifier>oai:alma.41SLSP_UGE:991000012839705502</identifier><datestamp>2023-03-28T00:10:56Z</datestamp><setSpec>uge_bcen_RapidILL_BOOK</setSpec><setSpec>uge_aaca_RapidILL_BOOK</setSpec><setSpec>uge_abels_RapidILL_BOOK</setSpec><setSpec>uge_dbu_RapidILL_BOOK</setSpec><setSpec>uge_cmu_RapidILL_BOOK</setSpec><setSpec>uge_mail_RapidILL_BOOK</setSpec><setSpec>uge_abbat_RapidILL_BOOK</setSpec><setSpec>UNIGE_ALL</setSpec><setSpec>uge_aobs_RapidILL_BOOK</setSpec><setSpec>uge_acar_RapidILL_BOOK</setSpec></header><metadata>
<record xmlns="http://www.loc.gov/MARC21/slim" xmlns:xsi="http://www.w3.org/2001/XMLSchema-instance" xsi:schemaLocation="http://www.loc.gov/MARC21/slim http://www.loc.gov/standards/marcxml/schema/MARC21slim.xsd"><leader>01748nam a2200325 c 4500</leader><controlfield tag="001">991000012839705502</controlfield><controlfield tag="005">20230327181443.0</controlfield><controlfield tag="008">000819s1987    sz ||||| |||| 00| ||ger d</controlfield><datafield ind1=" " ind2=" " tag="035"><subfield code="a">(swissbib)094145601-41slsp_network</subfield></datafield><datafield ind1=" " ind2=" " tag="035"><subfield code="a">094145601</subfield><subfield code="9">ExL</subfield></datafield><datafield ind1=" " ind2=" " tag="035"><subfield code="a">(RERO)R244076660-41slsp</subfield></datafield><datafield ind1=" " ind2=" " tag="035"><subfield code="a">(EXLNZ-41SLSP_NETWORK)991053262889705501</subfield></datafield><datafield ind1=" " ind2=" " tag="040"><subfield code="a">RERO nebpun</subfield><subfield code="d">CH-ZuSLS</subfield></datafield><datafield ind1="0" ind2=" " tag="041"><subfield code="a">ger</subfield><subfield code="a">fre</subfield></datafield><datafield ind1=" " ind2=" " tag="044"><subfield code="a">sz</subfield><subfield code="c">ch-be</subfield></datafield><datafield ind1=" " ind2="7" tag="072"><subfield code="a">ur</subfield><subfield code="2">rero</subfield></datafield><datafield ind1="0" ind2="0" tag="245"><subfield code="a">Computermodell zur Berechnung von Strassenlärm</subfield><subfield code="c">EMPA [Eidgenössische Materialprüfungs- und Versuchsantalt für Industrie, Bauwesen und Gewerbe], Dübendorf Abteilung Akustik und Lärmbekämpfung ; hrsg. vom Bundesamt für Umweltschutz = Modèle de calcul de bruit du trafic routier pour ordinateur / EMPA, Dübendorf Division acoustique et lutte contre le bruit ; publié par l'Office fédéral de la protection de l'environnement</subfield></datafield><datafield ind1=" " ind2="1" tag="264"><subfield code="a">Bern</subfield><subfield code="b">Bundesamt für Umweltschutz</subfield><subfield code="c">1987</subfield></datafield><datafield ind1=" " ind2=" " tag="300"><subfield code="a">2 fasc.</subfield><subfield code="b">fig.</subfield><subfield code="c">30 cm</subfield></datafield><datafield ind1=" " ind2=" " tag="336"><subfield code="b">txt</subfield><subfield code="2">rdacontent</subfield></datafield><datafield ind1=" " ind2=" " tag="337"><subfield code="b">n</subfield><subfield code="2">rdamedia</subfield></datafield><datafield ind1=" " ind2=" " tag="338"><subfield code="b">nc</subfield><subfield code="2">rdacarrier</subfield></datafield><datafield ind1="1" ind2=" " tag="490"><subfield code="a">Schriftenreihe Umwelt</subfield><subfield code="v">Nr. 60-61</subfield></datafield><datafield ind1=" " ind2=" " tag="500"><subfield code="a">Le cahier No 60 est en allemand et le cahier No 61 est en français</subfield></datafield><datafield ind1=" " ind2="7" tag="650"><subfield code="a">Bruit</subfield><subfield code="0">(IDREF)027369137</subfield><subfield code="2">idref</subfield></datafield><datafield ind1=" " ind2="7" tag="650"><subfield code="a">Modèles mathématiques</subfield><subfield code="0">(IDREF)027551385</subfield><subfield code="2">idref</subfield></datafield><datafield ind1=" " ind2="7" tag="650"><subfield code="a">Circulation</subfield><subfield code="0">(IDREF)027315304</subfield><subfield code="2">idref</subfield></datafield><datafield ind1="1" ind2=" " tag="710"><subfield code="a">Suisse</subfield><subfield code="b">Office fédéral de la protection de l'environnement</subfield><subfield code="0">(RERO)A000157767</subfield></datafield><datafield ind1="2" ind2=" " tag="710"><subfield code="a">Laboratoire fédéral d'essai des matériaux et de recherches (Dübendorf / Sankt Gallen)</subfield><subfield code="b">Division Acoustique et lutte contre le bruit</subfield><subfield code="0">(RERO)A000101784</subfield></datafield><datafield ind1=" " ind2=" " tag="830"><subfield code="a">Cahiers de l'environnement</subfield><subfield code="p">Office fédéral des forêts</subfield><subfield code="v">60-61</subfield><subfield code="w">(RERO)0499545-41slsp</subfield></datafield><datafield ind1=" " ind2=" " tag="900"><subfield code="a">REROnoselfmerge</subfield></datafield></record>
</metadata></record>