<record><header><identifier>oai:alma.41SLSP_UGE:991000013149705502</identifier><datestamp>2024-05-05T02:39:34Z</datestamp><setSpec>uge_bcen_RapidILL_BOOK</setSpec><setSpec>uge_aaca_RapidILL_BOOK</setSpec><setSpec>uge_abels_RapidILL_BOOK</setSpec><setSpec>uge_dbu_RapidILL_BOOK</setSpec><setSpec>uge_cmu_RapidILL_BOOK</setSpec><setSpec>uge_mail_RapidILL_BOOK</setSpec><setSpec>UNIGE_ALL</setSpec><setSpec>uge_abbat_RapidILL_BOOK</setSpec><setSpec>uge_acar_RapidILL_BOOK</setSpec><setSpec>uge_aobs_RapidILL_BOOK</setSpec></header><metadata>
<record xmlns="http://www.loc.gov/MARC21/slim" xmlns:xsi="http://www.w3.org/2001/XMLSchema-instance" xsi:schemaLocation="http://www.loc.gov/MARC21/slim http://www.loc.gov/standards/marcxml/schema/MARC21slim.xsd"><leader>01490nam a2200349 c 4500</leader><controlfield tag="001">991000013149705502</controlfield><controlfield tag="005">20230302192301.0</controlfield><controlfield tag="008">010320s2001    fr ||||| |||| 10| ||fre d</controlfield><datafield ind1=" " ind2=" " tag="020"><subfield code="a">2844670253</subfield></datafield><datafield ind1=" " ind2=" " tag="035"><subfield code="a">(swissbib)096640103-41slsp_network</subfield></datafield><datafield ind1=" " ind2=" " tag="035"><subfield code="a">096640103</subfield><subfield code="9">ExL</subfield></datafield><datafield ind1=" " ind2=" " tag="035"><subfield code="a">(RERO)R003015108-41slsp</subfield></datafield><datafield ind1=" " ind2=" " tag="035"><subfield code="a">(EXLNZ-41SLSP_NETWORK)991130297669705501</subfield></datafield><datafield ind1=" " ind2=" " tag="040"><subfield code="a">RERO neubfl</subfield><subfield code="d">CH-ZuSLS</subfield></datafield><datafield ind1=" " ind2="7" tag="072"><subfield code="a">fm</subfield><subfield code="2">rero</subfield></datafield><datafield ind1=" " ind2="7" tag="072"><subfield code="a">lc</subfield><subfield code="2">rero</subfield></datafield><datafield ind1="0" ind2="0" tag="245"><subfield code="a">&lt;&lt;Le&gt;&gt; Moyen Âge en 1900</subfield><subfield code="c">études réunies par Anne Ducrey</subfield></datafield><datafield ind1=" " ind2="1" tag="264"><subfield code="a">Villeneuve d'Ascq</subfield><subfield code="b">Université Charles-de-Gaulle - Lille 3</subfield><subfield code="c">2001</subfield></datafield><datafield ind1=" " ind2=" " tag="300"><subfield code="a">98 p</subfield><subfield code="c">28 cm</subfield></datafield><datafield ind1=" " ind2=" " tag="336"><subfield code="b">txt</subfield><subfield code="2">rdacontent</subfield></datafield><datafield ind1=" " ind2=" " tag="337"><subfield code="b">n</subfield><subfield code="2">rdamedia</subfield></datafield><datafield ind1=" " ind2=" " tag="338"><subfield code="b">nc</subfield><subfield code="2">rdacarrier</subfield></datafield><datafield ind1="1" ind2=" " tag="490"><subfield code="a">Ateliers</subfield><subfield code="v">26</subfield></datafield><datafield ind1=" " ind2=" " tag="500"><subfield code="a">Communications présentées lors de la journée d'études &quot;Le Moyen Age en 1900&quot; du Centre de Recherches en littérature générale et comparée de Lille 3, le 23 janvier 1999</subfield></datafield><datafield ind1=" " ind2="7" tag="650"><subfield code="a">Littérature</subfield><subfield code="0">(IDREF)027328570</subfield><subfield code="2">idref</subfield></datafield><datafield ind1=" " ind2="7" tag="650"><subfield code="a">Moyen-Âge (thème artistique ou littéraire)</subfield><subfield code="0">(RERO)A010011055</subfield><subfield code="2">rerovoc</subfield></datafield><datafield ind1=" " ind2="7" tag="650"><subfield code="a">Philologie</subfield><subfield code="0">(IDREF)050555537</subfield><subfield code="2">idref</subfield></datafield><datafield ind1=" " ind2="7" tag="650"><subfield code="a">19e siècle (fin)-20e siècle (début)</subfield><subfield code="0">(RERO)A022505713</subfield><subfield code="2">rero</subfield></datafield><datafield ind1=" " ind2="7" tag="655"><subfield code="a">Actes de congrès</subfield><subfield code="0">(IDREF)02886431X</subfield><subfield code="2">idref</subfield></datafield><datafield ind1="1" ind2=" " tag="700"><subfield code="a">Ducrey, Anne</subfield><subfield code="c">enseignante-chercheuse en littérature générale et comparée</subfield><subfield code="d">19..-....</subfield><subfield code="0">(IDREF)061078891</subfield></datafield><datafield ind1="2" ind2=" " tag="710"><subfield code="a">Université de Lille 3</subfield><subfield code="b">Centre de recherches en littérature générale et comparée</subfield><subfield code="b">Journée d'études</subfield><subfield code="d">1999</subfield><subfield code="c">Lille</subfield><subfield code="0">(RERO)A023649963</subfield></datafield><datafield ind1=" " ind2=" " tag="830"><subfield code="a">Ateliers</subfield><subfield code="v">26</subfield><subfield code="w">(RERO)2144282-41slsp</subfield></datafield><datafield ind1=" " ind2=" " tag="900"><subfield code="a">REROnoselfmerge</subfield></datafield></record>
</metadata></record>