<record><header><identifier>oai:alma.41SLSP_UGE:991000012519705502</identifier><datestamp>2023-05-03T01:09:41Z</datestamp><setSpec>uge_bcen_RapidILL_BOOK</setSpec><setSpec>uge_aaca_RapidILL_BOOK</setSpec><setSpec>uge_abels_RapidILL_BOOK</setSpec><setSpec>uge_dbu_RapidILL_BOOK</setSpec><setSpec>uge_cmu_RapidILL_BOOK</setSpec><setSpec>uge_mail_RapidILL_BOOK</setSpec><setSpec>uge_abbat_RapidILL_BOOK</setSpec><setSpec>UNIGE_ALL</setSpec><setSpec>uge_acar_RapidILL_BOOK</setSpec><setSpec>uge_aobs_RapidILL_BOOK</setSpec></header><metadata>
<record xmlns="http://www.loc.gov/MARC21/slim" xmlns:xsi="http://www.w3.org/2001/XMLSchema-instance" xsi:schemaLocation="http://www.loc.gov/MARC21/slim http://www.loc.gov/standards/marcxml/schema/MARC21slim.xsd"><leader>03615nam a2200673 c 4500</leader><controlfield tag="001">991000012519705502</controlfield><controlfield tag="005">20230502195302.0</controlfield><controlfield tag="008">201011s2014    fr ||||| |||| 10| ||fre d</controlfield><datafield ind1=" " ind2=" " tag="020"><subfield code="a">9782753533851</subfield></datafield><datafield ind1=" " ind2=" " tag="020"><subfield code="a">2753533857</subfield></datafield><datafield ind1=" " ind2=" " tag="035"><subfield code="a">(swissbib)228470390-41slsp_network</subfield></datafield><datafield ind1=" " ind2=" " tag="035"><subfield code="a">228470390</subfield><subfield code="9">ExL</subfield></datafield><datafield ind1=" " ind2=" " tag="035"><subfield code="a">(RERO)R007755369-41slsp</subfield></datafield><datafield ind1=" " ind2=" " tag="035"><subfield code="a">(IDSBB)006410423DSV01</subfield></datafield><datafield ind1=" " ind2=" " tag="035"><subfield code="a">(OCoLC)886654345</subfield></datafield><datafield ind1=" " ind2=" " tag="035"><subfield code="a">(EXLNZ-41SLSP_NETWORK)991040135269705501</subfield></datafield><datafield ind1=" " ind2=" " tag="040"><subfield code="a">RERO geulhg</subfield><subfield code="d">CH-ZuSLS</subfield></datafield><datafield ind1=" " ind2="7" tag="072"><subfield code="a">ur</subfield><subfield code="2">rero</subfield></datafield><datafield ind1=" " ind2="7" tag="072"><subfield code="a">hg</subfield><subfield code="2">rero</subfield></datafield><datafield ind1="0" ind2="4" tag="082"><subfield code="a">306.09</subfield><subfield code="2">22/ger</subfield></datafield><datafield ind1=" " ind2=" " tag="084"><subfield code="a">8</subfield><subfield code="2">ssgn</subfield></datafield><datafield ind1="0" ind2="0" tag="245"><subfield code="a">S'adapter à la mer</subfield><subfield code="b">l'homme, la mer et le littoral du Moyen Âge à nos jours : actes de la journée d'études organisée à Nantes le 11 avril 2013</subfield><subfield code="c">textes réunis par Frédérique Laget et Alexis Vrignon</subfield></datafield><datafield ind1=" " ind2="1" tag="264"><subfield code="a">Rennes</subfield><subfield code="b">Presses universitaires de Rennes</subfield><subfield code="c">2014</subfield></datafield><datafield ind1=" " ind2=" " tag="300"><subfield code="a">119 p.</subfield><subfield code="b">ill.</subfield></datafield><datafield ind1=" " ind2=" " tag="336"><subfield code="b">txt</subfield><subfield code="2">rdacontent</subfield></datafield><datafield ind1=" " ind2=" " tag="337"><subfield code="b">n</subfield><subfield code="2">rdamedia</subfield></datafield><datafield ind1=" " ind2=" " tag="338"><subfield code="b">nc</subfield><subfield code="2">rdacarrier</subfield></datafield><datafield ind1="1" ind2=" " tag="490"><subfield code="a">Enquêtes &amp; documents</subfield><subfield code="v">no 47</subfield></datafield><datafield ind1=" " ind2=" " tag="500"><subfield code="a">&quot;... journée d'études intitulée &quot;S'adapter à la mer. Du Moyen Âge à l'époque contemporaine&quot; organisée conjointement par le Centre de Recherche en Histoire Internationale et Atlantique (CRHIA) et le Réseau des Chercheurs en Histoire Environnementale (RUCHE) avec le soutien de l'Institut Mer et Littoral.&quot;</subfield></datafield><datafield ind1=" " ind2=" " tag="500"><subfield code="a">Notes bibliogr. - Résumés en français et en anglais</subfield></datafield><datafield ind1=" " ind2="7" tag="650"><subfield code="a">Mer</subfield><subfield code="0">(IDREF)027243907</subfield><subfield code="2">idref</subfield></datafield><datafield ind1=" " ind2="7" tag="650"><subfield code="a">Littoraux</subfield><subfield code="0">(IDREF)027353567</subfield><subfield code="2">idref</subfield></datafield><datafield ind1=" " ind2="7" tag="650"><subfield code="a">Écologie humaine</subfield><subfield code="0">(IDREF)027311198</subfield><subfield code="2">idref</subfield></datafield><datafield ind1=" " ind2="7" tag="650"><subfield code="a">Aménagement</subfield><subfield code="0">(IDREF)033084297</subfield><subfield code="2">idref</subfield></datafield><datafield ind1=" " ind2="7" tag="650"><subfield code="a">11e siècle-20e siècle</subfield><subfield code="2">idref</subfield></datafield><datafield ind1=" " ind2="7" tag="650"><subfield code="a">Humanökologie</subfield><subfield code="0">(DE-588)4026152-9</subfield><subfield code="2">gnd</subfield></datafield><datafield ind1=" " ind2="7" tag="650"><subfield code="a">Küstengebiet</subfield><subfield code="0">(DE-588)4261540-9</subfield><subfield code="2">gnd</subfield></datafield><datafield ind1=" " ind2="7" tag="650"><subfield code="a">Mensch</subfield><subfield code="0">(DE-588)4038639-9</subfield><subfield code="2">gnd</subfield></datafield><datafield ind1=" " ind2="7" tag="650"><subfield code="a">Natur</subfield><subfield code="0">(DE-588)4041358-5</subfield><subfield code="2">gnd</subfield></datafield><datafield ind1=" " ind2="4" tag="650"><subfield code="a">Coastal zone management / Environmental aspects / Congresses</subfield></datafield><datafield ind1=" " ind2="4" tag="650"><subfield code="a">Coasts / Environmental aspects / Congresses</subfield></datafield><datafield ind1=" " ind2="4" tag="650"><subfield code="a">Human ecology / Congresses</subfield></datafield><datafield ind1=" " ind2="4" tag="650"><subfield code="a">Nature / Effect of human beings on / Congresses</subfield></datafield><datafield ind1=" " ind2="0" tag="650"><subfield code="a">Coastal zone management / Environmental aspects / Congresses</subfield></datafield><datafield ind1=" " ind2="0" tag="650"><subfield code="a">Coasts / Environmental aspects / Congresses</subfield></datafield><datafield ind1=" " ind2="0" tag="650"><subfield code="a">Human ecology / Congresses</subfield></datafield><datafield ind1=" " ind2="0" tag="650"><subfield code="a">Nature / Effect of human beings on / Congresses</subfield></datafield><datafield ind1=" " ind2="7" tag="655"><subfield code="a">Actes de congrès</subfield><subfield code="0">(IDREF)02886431X</subfield><subfield code="2">idref</subfield></datafield><datafield ind1=" " ind2="4" tag="655"><subfield code="a">Kongress</subfield><subfield code="z">Nantes</subfield><subfield code="y">2013</subfield></datafield><datafield ind1=" " ind2="7" tag="655"><subfield code="a">Konferenzschrift</subfield><subfield code="z">Arles</subfield><subfield code="y">2013</subfield><subfield code="2">gnd-content</subfield></datafield><datafield ind1="1" ind2=" " tag="700"><subfield code="a">Vrignon, Alexis</subfield><subfield code="d">1984-....</subfield><subfield code="0">(IDREF)178658367</subfield></datafield><datafield ind1="1" ind2=" " tag="700"><subfield code="a">Laget, Frédérique</subfield><subfield code="d">1978-</subfield><subfield code="0">(DE-588)1054444625</subfield><subfield code="6">880-03</subfield></datafield><datafield ind1="1" ind2=" " tag="880"><subfield code="6">700-03</subfield><subfield code="a">Laget, Frédérique</subfield><subfield code="d">1981-....</subfield><subfield code="0">(IDREF)158059794</subfield></datafield><datafield ind1="2" ind2=" " tag="710"><subfield code="a">Centre de recherches en histoire internationale et atlantique (Nantes)</subfield><subfield code="b">Journée d'études</subfield><subfield code="d">2013</subfield><subfield code="c">Nantes</subfield><subfield code="0">(RERO)A024484707</subfield></datafield><datafield ind1="4" ind2=" " tag="856"><subfield code="u">http://bvbr.bib-bvb.de:8991/F?func=service&amp;doc_library=BVB01&amp;local_base=BVB01&amp;doc_number=027446128&amp;line_number=0002&amp;func_code=DB_RECORDS&amp;service_type=MEDIA</subfield><subfield code="z">Klappentext</subfield></datafield><datafield ind1="4" ind2=" " tag="856"><subfield code="u">http://bvbr.bib-bvb.de:8991/F?func=service&amp;doc_library=BVB01&amp;local_base=BVB01&amp;doc_number=027446128&amp;line_number=0003&amp;func_code=DB_RECORDS&amp;service_type=MEDIA</subfield><subfield code="z">Buchcover</subfield></datafield><datafield ind1="4" ind2=" " tag="856"><subfield code="u">http://bvbr.bib-bvb.de:8991/F?func=service&amp;doc_library=BVB01&amp;local_base=BVB01&amp;doc_number=027446128&amp;line_number=0001&amp;func_code=DB_RECORDS&amp;service_type=MEDIA</subfield><subfield code="z">Inhaltsverzeichnis</subfield></datafield><datafield ind1=" " ind2="0" tag="830"><subfield code="a">Enquêtes et documents</subfield><subfield code="p">Ouest éditions</subfield><subfield code="v">47</subfield><subfield code="w">(RERO)1584614-41slsp</subfield></datafield><datafield ind1=" " ind2="0" tag="830"><subfield code="a">Enquêtes et documents</subfield><subfield code="v">47</subfield><subfield code="w">(IDSBB)000701127DSV01</subfield></datafield><datafield ind1=" " ind2=" " tag="911"><subfield code="a">700</subfield><subfield code="a">Laget, Frédérique</subfield><subfield code="d">1978-</subfield></datafield></record>
</metadata></record>