<record><header><identifier>oai:alma.41SLSP_UGE:991000013249705502</identifier><datestamp>2023-03-01T01:09:19Z</datestamp><setSpec>uge_bcen_RapidILL_BOOK</setSpec><setSpec>uge_aaca_RapidILL_BOOK</setSpec><setSpec>uge_abels_RapidILL_BOOK</setSpec><setSpec>uge_dbu_RapidILL_BOOK</setSpec><setSpec>uge_cmu_RapidILL_BOOK</setSpec><setSpec>uge_mail_RapidILL_BOOK</setSpec><setSpec>UNIGE_ALL</setSpec><setSpec>uge_abbat_RapidILL_BOOK</setSpec><setSpec>uge_acar_RapidILL_BOOK</setSpec><setSpec>uge_aobs_RapidILL_BOOK</setSpec></header><metadata>
<record xmlns="http://www.loc.gov/MARC21/slim" xmlns:xsi="http://www.w3.org/2001/XMLSchema-instance" xsi:schemaLocation="http://www.loc.gov/MARC21/slim http://www.loc.gov/standards/marcxml/schema/MARC21slim.xsd"><leader>01569nam a2200445 c 4500</leader><controlfield tag="001">991000013249705502</controlfield><controlfield tag="005">20230216201729.0</controlfield><controlfield tag="008">080312s2007    xxk||||| |||| 00| ||eng d</controlfield><datafield ind1=" " ind2=" " tag="020"><subfield code="a">075465835X</subfield><subfield code="c">(vol. 3)</subfield></datafield><datafield ind1=" " ind2=" " tag="020"><subfield code="a">0754658368</subfield><subfield code="c">(vol. 2)</subfield></datafield><datafield ind1=" " ind2=" " tag="020"><subfield code="a">0754658376</subfield><subfield code="c">(vol. 1)</subfield></datafield><datafield ind1=" " ind2=" " tag="020"><subfield code="a">9780754658351</subfield><subfield code="c">(vol. 3)</subfield></datafield><datafield ind1=" " ind2=" " tag="020"><subfield code="a">9780754658368</subfield><subfield code="c">(vol. 2)</subfield></datafield><datafield ind1=" " ind2=" " tag="020"><subfield code="a">9780754658375</subfield><subfield code="c">(vol. 1)</subfield></datafield><datafield ind1=" " ind2=" " tag="035"><subfield code="a">(swissbib)10651413X-41slsp_network</subfield></datafield><datafield ind1=" " ind2=" " tag="035"><subfield code="a">10651413X</subfield><subfield code="9">ExL</subfield></datafield><datafield ind1=" " ind2=" " tag="035"><subfield code="a">(RERO)R004662712-41slsp</subfield></datafield><datafield ind1=" " ind2=" " tag="035"><subfield code="a">(EXLNZ-41SLSP_NETWORK)991015245539705501</subfield></datafield><datafield ind1=" " ind2=" " tag="040"><subfield code="a">DLC</subfield><subfield code="d">CH-ZuSLS</subfield></datafield><datafield ind1=" " ind2="0" tag="050"><subfield code="a">B721 $b.E24 2007</subfield></datafield><datafield ind1=" " ind2="7" tag="072"><subfield code="a">ph</subfield><subfield code="2">rero</subfield></datafield><datafield ind1="0" ind2="4" tag="082"><subfield code="a">180</subfield><subfield code="2">22</subfield></datafield><datafield ind1="0" ind2="0" tag="245"><subfield code="a">Collected essays of Sten Ebbesen</subfield><subfield code="c">Sten Ebbesen</subfield></datafield><datafield ind1=" " ind2="1" tag="264"><subfield code="a">Aldershot, Hants, England</subfield><subfield code="b">Ashgate Pub.</subfield><subfield code="c">2007-</subfield></datafield><datafield ind1=" " ind2=" " tag="300"><subfield code="a">Vol. 1-</subfield></datafield><datafield ind1=" " ind2=" " tag="336"><subfield code="b">txt</subfield><subfield code="2">rdacontent</subfield></datafield><datafield ind1=" " ind2=" " tag="337"><subfield code="b">n</subfield><subfield code="2">rdamedia</subfield></datafield><datafield ind1=" " ind2=" " tag="338"><subfield code="b">nc</subfield><subfield code="2">rdacarrier</subfield></datafield><datafield ind1="0" ind2=" " tag="490"><subfield code="a">Ashgate studies in medieval philosophy</subfield></datafield><datafield ind1=" " ind2=" " tag="504"><subfield code="a">Includes bibliographical references and indexes</subfield></datafield><datafield ind1="0" ind2="0" tag="505"><subfield code="g">[Vol. 1] :</subfield><subfield code="t">Greek-Latin Philosophical Interaction</subfield></datafield><datafield ind1="0" ind2="0" tag="505"><subfield code="g">[Vol. 2]:</subfield><subfield code="t">Topics in Latin Philosophy from the 12th - 14th centuries</subfield></datafield><datafield ind1=" " ind2="0" tag="650"><subfield code="a">Philosophy, Ancient</subfield></datafield><datafield ind1=" " ind2="0" tag="650"><subfield code="a">Philosophy, Medieval</subfield></datafield><datafield ind1=" " ind2="7" tag="650"><subfield code="a">Philosophie</subfield><subfield code="0">(IDREF)027295206</subfield><subfield code="2">idref</subfield></datafield><datafield ind1=" " ind2="7" tag="650"><subfield code="a">Moyen âge</subfield><subfield code="0">(IDREF)027329917</subfield><subfield code="2">idref</subfield></datafield><datafield ind1=" " ind2="7" tag="650"><subfield code="a">Philosophie grecque</subfield><subfield code="0">(IDREF)027284573</subfield><subfield code="2">idref</subfield></datafield><datafield ind1=" " ind2="7" tag="650"><subfield code="a">Philosophie latine</subfield><subfield code="0">(RERO)A027725607</subfield><subfield code="2">rero</subfield></datafield><datafield ind1=" " ind2="7" tag="655"><subfield code="a">[Études diverses]</subfield><subfield code="0">(RERO)A022249905</subfield><subfield code="2">rero</subfield></datafield><datafield ind1="1" ind2=" " tag="700"><subfield code="a">Ebbesen, Sten</subfield><subfield code="d">1946-....</subfield><subfield code="0">(IDREF)028479181</subfield></datafield><datafield ind1=" " ind2=" " tag="900"><subfield code="a">REROnoselfmerge</subfield></datafield></record>
</metadata></record>