<record><header><identifier>oai:alma.41SLSP_UGE:991000012959705502</identifier><datestamp>2024-11-15T01:10:16Z</datestamp><setSpec>uge_bcen_RapidILL_BOOK</setSpec><setSpec>uge_aaca_RapidILL_BOOK</setSpec><setSpec>uge_abels_RapidILL_BOOK</setSpec><setSpec>uge_dbu_RapidILL_BOOK</setSpec><setSpec>uge_cmu_RapidILL_BOOK</setSpec><setSpec>uge_mail_RapidILL_BOOK</setSpec><setSpec>uge_abbat_RapidILL_BOOK</setSpec><setSpec>UNIGE_ALL</setSpec><setSpec>uge_acar_RapidILL_BOOK</setSpec><setSpec>uge_aobs_RapidILL_BOOK</setSpec></header><metadata>
<record xmlns="http://www.loc.gov/MARC21/slim" xmlns:xsi="http://www.w3.org/2001/XMLSchema-instance" xsi:schemaLocation="http://www.loc.gov/MARC21/slim http://www.loc.gov/standards/marcxml/schema/MARC21slim.xsd"><leader>03214nam a2200601 c 4500</leader><controlfield tag="001">991000012959705502</controlfield><controlfield tag="005">20241115002246.0</controlfield><controlfield tag="008">201011s1999    it ||||| |||| 00| ||ita d</controlfield><datafield ind1=" " ind2=" " tag="020"><subfield code="a">8806148109</subfield></datafield><datafield ind1=" " ind2=" " tag="035"><subfield code="a">(swissbib)211722278-41slsp_network</subfield></datafield><datafield ind1=" " ind2=" " tag="035"><subfield code="a">211722278</subfield><subfield code="9">ExL</subfield></datafield><datafield ind1=" " ind2=" " tag="035"><subfield code="a">(RERO)R003913336-41slsp</subfield></datafield><datafield ind1=" " ind2=" " tag="035"><subfield code="a">(IDSSG)000281851HSB01</subfield></datafield><datafield ind1=" " ind2=" " tag="035"><subfield code="a">(IDSBB)002042364DSV01</subfield></datafield><datafield ind1=" " ind2=" " tag="035"><subfield code="a">(NEBIS)008252475EBI01</subfield></datafield><datafield ind1=" " ind2=" " tag="035"><subfield code="a">(SBT)000150517SBT01</subfield></datafield><datafield ind1=" " ind2=" " tag="035"><subfield code="a">(EXLNZ-41SLSP_NETWORK)991014200559705501</subfield></datafield><datafield ind1=" " ind2=" " tag="040"><subfield code="a">RERO geulhg</subfield><subfield code="d">CH-ZuSLS</subfield></datafield><datafield ind1=" " ind2="7" tag="072"><subfield code="a">se</subfield><subfield code="2">rero</subfield></datafield><datafield ind1=" " ind2="7" tag="072"><subfield code="a">ss</subfield><subfield code="2">rero</subfield></datafield><datafield ind1=" " ind2="7" tag="072"><subfield code="a">wg</subfield><subfield code="2">SzZuIDS BS/BE</subfield></datafield><datafield ind1=" " ind2="7" tag="072"><subfield code="a">hg</subfield><subfield code="2">rero</subfield></datafield><datafield ind1="1" ind2="4" tag="082"><subfield code="a">330</subfield><subfield code="2">15</subfield></datafield><datafield ind1=" " ind2=" " tag="084"><subfield code="a">NR 1850</subfield><subfield code="2">rvk</subfield></datafield><datafield ind1="1" ind2=" " tag="100"><subfield code="a">Berengo, Marino</subfield><subfield code="d">1928-2000</subfield><subfield code="0">(IDREF)028435893</subfield><subfield code="4">cre</subfield></datafield><datafield ind1="1" ind2="0" tag="245"><subfield code="a">&lt;&lt;L'&gt;&gt;Europa delle città</subfield><subfield code="b">il volto della società urbana europea trad Medioevo ed Età moderna</subfield><subfield code="c">Mario Berengo</subfield></datafield><datafield ind1=" " ind2="1" tag="264"><subfield code="a">Torino</subfield><subfield code="b">Giulio Einaudi editore</subfield><subfield code="c">2000 (cop. 1999)</subfield></datafield><datafield ind1=" " ind2=" " tag="300"><subfield code="a">XV, 1040 p.</subfield><subfield code="c">22 cm</subfield></datafield><datafield ind1=" " ind2=" " tag="336"><subfield code="b">txt</subfield><subfield code="2">rdacontent</subfield></datafield><datafield ind1=" " ind2=" " tag="337"><subfield code="b">n</subfield><subfield code="2">rdamedia</subfield></datafield><datafield ind1=" " ind2=" " tag="338"><subfield code="b">nc</subfield><subfield code="2">rdacarrier</subfield></datafield><datafield ind1="1" ind2=" " tag="490"><subfield code="a">Biblioteca di cultura storica</subfield><subfield code="v">224</subfield></datafield><datafield ind1=" " ind2=" " tag="500"><subfield code="a">Indice analitico</subfield></datafield><datafield ind1=" " ind2=" " tag="504"><subfield code="a">Bibliografia: p. [891]-969</subfield></datafield><datafield ind1=" " ind2="7" tag="648"><subfield code="a">Geschichte 1250-1800</subfield><subfield code="2">gnd</subfield></datafield><datafield ind1=" " ind2="7" tag="650"><subfield code="a">société urbaine</subfield><subfield code="0">(RERO)A009987564</subfield><subfield code="2">rerovoc</subfield></datafield><datafield ind1=" " ind2="7" tag="650"><subfield code="a">12e siècle-17e siècle</subfield><subfield code="2">idref</subfield></datafield><datafield ind1=" " ind2="7" tag="650"><subfield code="a">Villes</subfield><subfield code="0">(IDREF)027255778</subfield><subfield code="2">idref</subfield></datafield><datafield ind1=" " ind2="7" tag="650"><subfield code="a">Stadt</subfield><subfield code="0">(DE-588)4056723-0</subfield><subfield code="2">gnd</subfield></datafield><datafield ind1=" " ind2="7" tag="650"><subfield code="a">Städtische Gesellschaft</subfield><subfield code="z">Europa</subfield><subfield code="y">Geschichte</subfield><subfield code="2">idsbb</subfield></datafield><datafield ind1=" " ind2="7" tag="650"><subfield code="a">Città</subfield><subfield code="z">Europa</subfield><subfield code="y">Sec. 12.-17.</subfield><subfield code="x">Storia sociale</subfield><subfield code="2">sbt12</subfield></datafield><datafield ind1=" " ind2="7" tag="651"><subfield code="a">Europe</subfield><subfield code="0">(IDREF)027224651</subfield><subfield code="2">idref</subfield></datafield><datafield ind1=" " ind2="7" tag="651"><subfield code="a">Europa</subfield><subfield code="0">(DE-588)4015701-5</subfield><subfield code="2">gnd</subfield></datafield><datafield ind1=" " ind2=" " tag="690"><subfield code="a">Rappresentante ; Formazione ; Fusione ; Capitale ; Cittadino ; Corporazione ; Organizzazione ; Artigiano ; Controllo ; Indice ; Europa ; Prefazione ; Privilegio ; Cittadina ; Limite ; Potere ; Consiglio ; Concetto ; Vite ; Vita ; Cittadinanza ; Accesso ; Signore ; Situazione ; Luce ; Aggregazione ; Professione ; Collegio ; Arte ; Giurista ; Medico ; Lavoro ; Capo ; Salariato ; Cuoio ; Calzolaio ; Demografia ; Ferro ; Farmacista ; Minoranza ; Consolato ; Studente ; Laico ; Ospedale ; Carcere ; Prostituzione ; Clero ; Rete ; Incorporazione ; Capitolo ; Ordine ; Chiesa ; Servizio ; Bibliografia</subfield><subfield code="2">idssg-J</subfield></datafield><datafield ind1=" " ind2=" " tag="690"><subfield code="a">societ urbana; Et moderna; vocazione federativa; II nobile; II sovrano; colonie mercantili; II povero; citt protestante</subfield><subfield code="2">idssg-J</subfield></datafield><datafield ind1=" " ind2=" " tag="690"><subfield code="a">Berengo; citt; Giulio; Einaudi; p; xi; n; suddita; magistrature; ni; contado; suo; obblighi; iv; gilde; Podest; borgomastri; Patriziato; nobilt; nobiliari; deroghe; garzoni; gerarchle; Vili; conciatori; pellicciai; tessile; mereiai; Speziali; pescivendoli; birrai; io; oste; mud; jares; moriscos; ix; boia; Cappellani; vicari; col; patronati; monasteri; commende; comparsa; povert; Fabbricerie; confraternite</subfield><subfield code="2">idssg-J</subfield></datafield><datafield ind1=" " ind2=" " tag="690"><subfield code="a">Europa</subfield><subfield code="2">uzb-UL</subfield></datafield><datafield ind1=" " ind2=" " tag="690"><subfield code="a">Stadt</subfield><subfield code="2">uzb-UL</subfield></datafield><datafield ind1=" " ind2=" " tag="690"><subfield code="a">Gesellschaft</subfield><subfield code="2">uzb-UL</subfield></datafield><datafield ind1=" " ind2=" " tag="690"><subfield code="a">Stadtgeschichte 1200-1600</subfield><subfield code="2">uzb-UL</subfield></datafield><datafield ind1=" " ind2=" " tag="691"><subfield code="e">711.030(400)</subfield><subfield code="2">usi-TM</subfield></datafield><datafield ind1=" " ind2="0" tag="830"><subfield code="a">Biblioteca di cultura storica</subfield><subfield code="v">224</subfield><subfield code="w">(IDSSG)000206728HSB01</subfield></datafield><datafield ind1="4" ind2=" " tag="856"><subfield code="u">https://tools.unisg.ch/url/hm00093709</subfield><subfield code="z">Inhaltsverzeichnis</subfield></datafield><datafield ind1=" " ind2=" " tag="949"><subfield code="a">https://tools.unisg.ch/url/hm00093709</subfield></datafield></record>
</metadata></record>