<record><header><identifier>oai:alma.41SLSP_UGE:991000012749705502</identifier><datestamp>2023-06-04T00:47:41Z</datestamp><setSpec>uge_bcen_RapidILL_BOOK</setSpec><setSpec>uge_aaca_RapidILL_BOOK</setSpec><setSpec>uge_abels_RapidILL_BOOK</setSpec><setSpec>uge_dbu_RapidILL_BOOK</setSpec><setSpec>uge_cmu_RapidILL_BOOK</setSpec><setSpec>uge_mail_RapidILL_BOOK</setSpec><setSpec>uge_abbat_RapidILL_BOOK</setSpec><setSpec>UNIGE_ALL</setSpec><setSpec>uge_acar_RapidILL_BOOK</setSpec><setSpec>uge_aobs_RapidILL_BOOK</setSpec></header><metadata>
<record xmlns="http://www.loc.gov/MARC21/slim" xmlns:xsi="http://www.w3.org/2001/XMLSchema-instance" xsi:schemaLocation="http://www.loc.gov/MARC21/slim http://www.loc.gov/standards/marcxml/schema/MARC21slim.xsd"><leader>01401nam a2200373 c 4500</leader><controlfield tag="001">991000012749705502</controlfield><controlfield tag="005">20230227205331.0</controlfield><controlfield tag="008">201011s1986    gw ||||| |||| 01| ||ger d</controlfield><datafield ind1=" " ind2=" " tag="020"><subfield code="a">3774922659</subfield></datafield><datafield ind1=" " ind2=" " tag="035"><subfield code="a">(swissbib)23089822X-41slsp_network</subfield></datafield><datafield ind1=" " ind2=" " tag="035"><subfield code="a">23089822X</subfield><subfield code="9">ExL</subfield></datafield><datafield ind1=" " ind2=" " tag="035"><subfield code="a">(RERO)0860358-41slsp</subfield></datafield><datafield ind1=" " ind2=" " tag="035"><subfield code="a">(NEBIS)009469231EBI01</subfield></datafield><datafield ind1=" " ind2=" " tag="035"><subfield code="a">(EXLNZ-41SLSP_NETWORK)991076738549705501</subfield></datafield><datafield ind1=" " ind2=" " tag="040"><subfield code="a">RERO labcud</subfield><subfield code="d">CH-ZuSLS</subfield></datafield><datafield ind1="0" ind2=" " tag="041"><subfield code="a">ger</subfield><subfield code="a">fre</subfield><subfield code="a">eng</subfield></datafield><datafield ind1=" " ind2="7" tag="072"><subfield code="a">ar</subfield><subfield code="2">rero</subfield></datafield><datafield ind1=" " ind2="7" tag="072"><subfield code="a">ba</subfield><subfield code="2">rero</subfield></datafield><datafield ind1="1" ind2=" " tag="080"><subfield code="a">7.033.1/.2</subfield></datafield><datafield ind1="0" ind2="0" tag="245"><subfield code="a">Studien zur spätantiken und byzantinischen Kunst</subfield><subfield code="b">Friedrich Wilhelm Deichmann gewidmet</subfield><subfield code="c">hrsg. in Verbindung mit Otto Feld und Urs Peschlow</subfield></datafield><datafield ind1=" " ind2="1" tag="264"><subfield code="a">Bonn</subfield><subfield code="b">R. Habelt</subfield><subfield code="c">1986</subfield></datafield><datafield ind1=" " ind2=" " tag="300"><subfield code="a">3 vol.</subfield><subfield code="b">pl. en noir</subfield><subfield code="c">31 cm</subfield></datafield><datafield ind1=" " ind2=" " tag="336"><subfield code="b">txt</subfield><subfield code="2">rdacontent</subfield></datafield><datafield ind1=" " ind2=" " tag="337"><subfield code="b">n</subfield><subfield code="2">rdamedia</subfield></datafield><datafield ind1=" " ind2=" " tag="338"><subfield code="b">nc</subfield><subfield code="2">rdacarrier</subfield></datafield><datafield ind1="1" ind2=" " tag="490"><subfield code="a">Monographien / Römisch-germanisches Zentralmuseum, Forschungsinstitut für Vor- und Frühgeschichte</subfield><subfield code="v">Bd. 10</subfield></datafield><datafield ind1=" " ind2="7" tag="650"><subfield code="a">Art</subfield><subfield code="0">(IDREF)027269302</subfield><subfield code="2">idref</subfield></datafield><datafield ind1=" " ind2="7" tag="650"><subfield code="a">paléochrétien</subfield><subfield code="0">(RERO)A009950803</subfield><subfield code="2">rerovoc</subfield></datafield><datafield ind1=" " ind2="7" tag="650"><subfield code="a">Art byzantin</subfield><subfield code="0">(IDREF)027360520</subfield><subfield code="2">idref</subfield></datafield><datafield ind1=" " ind2="7" tag="655"><subfield code="a">[Études diverses]</subfield><subfield code="0">(RERO)A022249905</subfield><subfield code="2">rero</subfield></datafield><datafield ind1="1" ind2=" " tag="700"><subfield code="a">Deichmann, Friedrich Wilhelm</subfield><subfield code="c">1909-1993</subfield><subfield code="0">(IDREF)028480856</subfield></datafield><datafield ind1="1" ind2=" " tag="700"><subfield code="a">Feld, Otto</subfield><subfield code="d">1928-2011</subfield><subfield code="0">(IDREF)144554615</subfield></datafield><datafield ind1=" " ind2="0" tag="830"><subfield code="a">Monographien</subfield><subfield code="v">10</subfield><subfield code="w">(RERO)0108703-41slsp</subfield></datafield><datafield ind1=" " ind2=" " tag="900"><subfield code="a">REROnoselfmerge</subfield></datafield><datafield ind1=" " ind2=" " tag="900"><subfield code="f">IDSU2medea</subfield></datafield><datafield ind1=" " ind2=" " tag="993"><subfield code="a">FLx 4792/1-3</subfield><subfield code="x">ge/ulha/a/1987</subfield><subfield code="9">LOCAL</subfield></datafield></record>
</metadata></record>