<record><header><identifier>oai:alma.41SLSP_UGE:991000012429705502</identifier><datestamp>2023-03-01T01:09:19Z</datestamp><setSpec>uge_bcen_RapidILL_BOOK</setSpec><setSpec>uge_aaca_RapidILL_BOOK</setSpec><setSpec>uge_abels_RapidILL_BOOK</setSpec><setSpec>uge_dbu_RapidILL_BOOK</setSpec><setSpec>uge_cmu_RapidILL_BOOK</setSpec><setSpec>uge_mail_RapidILL_BOOK</setSpec><setSpec>UNIGE_ALL</setSpec><setSpec>uge_abbat_RapidILL_BOOK</setSpec><setSpec>uge_aobs_RapidILL_BOOK</setSpec><setSpec>uge_acar_RapidILL_BOOK</setSpec></header><metadata>
<record xmlns="http://www.loc.gov/MARC21/slim" xmlns:xsi="http://www.w3.org/2001/XMLSchema-instance" xsi:schemaLocation="http://www.loc.gov/MARC21/slim http://www.loc.gov/standards/marcxml/schema/MARC21slim.xsd"><leader>02049nam a2200493 c 4500</leader><controlfield tag="001">991000012429705502</controlfield><controlfield tag="005">20230221212238.0</controlfield><controlfield tag="008">201011s2012    gw ||||| |||| 00| ||eng d</controlfield><datafield ind1=" " ind2=" " tag="020"><subfield code="a">3642309631</subfield></datafield><datafield ind1=" " ind2=" " tag="020"><subfield code="a">9783642309632</subfield></datafield><datafield ind1=" " ind2=" " tag="020"><subfield code="a">9783642309649</subfield><subfield code="q">eBook</subfield></datafield><datafield ind1=" " ind2=" " tag="035"><subfield code="a">(swissbib)213861771-41slsp_network</subfield></datafield><datafield ind1=" " ind2=" " tag="035"><subfield code="a">213861771</subfield><subfield code="9">ExL</subfield></datafield><datafield ind1=" " ind2=" " tag="035"><subfield code="a">(RERO)R007171196-41slsp</subfield></datafield><datafield ind1=" " ind2=" " tag="035"><subfield code="a">(NEBIS)007324774EBI01</subfield></datafield><datafield ind1=" " ind2=" " tag="035"><subfield code="a">(EXLNZ-41SLSP_NETWORK)991097741319705501</subfield></datafield><datafield ind1=" " ind2=" " tag="040"><subfield code="a">YDXCP</subfield><subfield code="d">CH-ZuSLS</subfield></datafield><datafield ind1=" " ind2="4" tag="050"><subfield code="a">QA445</subfield><subfield code="b">.B37 2012</subfield></datafield><datafield ind1=" " ind2="7" tag="072"><subfield code="a">ma</subfield><subfield code="2">rero</subfield></datafield><datafield ind1="0" ind2="4" tag="082"><subfield code="a">516</subfield><subfield code="2">23</subfield></datafield><datafield ind1=" " ind2=" " tag="084"><subfield code="a">50</subfield><subfield code="2">msc</subfield></datafield><datafield ind1="1" ind2=" " tag="100"><subfield code="a">Barnes, John Gilbert Presslie</subfield><subfield code="0">(RERO)A002970293</subfield><subfield code="4">cre</subfield></datafield><datafield ind1="1" ind2="0" tag="245"><subfield code="a">Gems of geometry</subfield><subfield code="c">John Barnes</subfield></datafield><datafield ind1=" " ind2=" " tag="250"><subfield code="a">2nd ed.</subfield></datafield><datafield ind1=" " ind2="1" tag="264"><subfield code="a">Berlin</subfield><subfield code="b">Springer</subfield><subfield code="c">2012</subfield></datafield><datafield ind1=" " ind2=" " tag="300"><subfield code="a">xiii, 325 p.</subfield><subfield code="b">ill.</subfield></datafield><datafield ind1=" " ind2=" " tag="336"><subfield code="b">txt</subfield><subfield code="2">rdacontent</subfield></datafield><datafield ind1=" " ind2=" " tag="337"><subfield code="b">n</subfield><subfield code="2">rdamedia</subfield></datafield><datafield ind1=" " ind2=" " tag="338"><subfield code="b">nc</subfield><subfield code="2">rdacarrier</subfield></datafield><datafield ind1=" " ind2=" " tag="504"><subfield code="a">Includes bibliographical references and index.</subfield></datafield><datafield ind1=" " ind2="0" tag="650"><subfield code="a">Geometry</subfield></datafield><datafield ind1=" " ind2="7" tag="650"><subfield code="a">Géométrie</subfield><subfield code="0">(IDREF)027227545</subfield><subfield code="2">idref</subfield></datafield><datafield ind1=" " ind2="7" tag="650"><subfield code="a">ANORDNUNGEN GEOMETRISCHER GEBILDE (GEOMETRIE)</subfield><subfield code="9">ger</subfield><subfield code="0">(ETHUDK)000012911</subfield><subfield code="2">ethudk</subfield></datafield><datafield ind1=" " ind2="7" tag="650"><subfield code="a">FIBONACCI-ZAHLEN + LUCAS-ZAHLEN (ZAHLENTHEORIE)</subfield><subfield code="9">ger</subfield><subfield code="0">(ETHUDK)000012541</subfield><subfield code="2">ethudk</subfield></datafield><datafield ind1=" " ind2="7" tag="650"><subfield code="a">FLÄCHEN IM DREIDIMENSIONALEN RAUM (DIFFERENTIALGEOMETRIE)</subfield><subfield code="9">ger</subfield><subfield code="0">(ETHUDK)000012944</subfield><subfield code="2">ethudk</subfield></datafield><datafield ind1=" " ind2="7" tag="650"><subfield code="a">FRAKTALE (TOPOLOGIE)</subfield><subfield code="9">ger</subfield><subfield code="0">(ETHUDK)000013035</subfield><subfield code="2">ethudk</subfield></datafield><datafield ind1=" " ind2="7" tag="650"><subfield code="a">GOLDENER SCHNITT (KUNST)</subfield><subfield code="9">ger</subfield><subfield code="0">(ETHUDK)000041597</subfield><subfield code="2">ethudk</subfield></datafield><datafield ind1=" " ind2="7" tag="650"><subfield code="a">LORENTZGRUPPEN + POINCARÉGRUPPEN (ALGEBRA)</subfield><subfield code="9">ger</subfield><subfield code="0">(ETHUDK)000012656</subfield><subfield code="2">ethudk</subfield></datafield><datafield ind1="1" ind2=" " tag="700"><subfield code="a">Barnes, John</subfield></datafield><datafield ind1="4" ind2=" " tag="856"><subfield code="3">Titelblatt und Inhaltsverzeichnis</subfield><subfield code="u">https://toc.library.ethz.ch/objects/pdf/e01_978-3-642-30963-2_01.pdf</subfield><subfield code="q">pdf</subfield></datafield><datafield ind1="4" ind2=" " tag="856"><subfield code="3">Abstract / Autoreninformation</subfield><subfield code="u">https://toc.library.ethz.ch/objects/pdf/e01_978-3-642-30963-2_02.pdf</subfield><subfield code="q">pdf</subfield></datafield><datafield ind1=" " ind2=" " tag="900"><subfield code="a">REROnoselfmerge</subfield></datafield><datafield ind1=" " ind2=" " tag="910"><subfield code="a">OCoLC</subfield><subfield code="b">20121029</subfield><subfield code="c">Droits réservés</subfield></datafield><datafield ind1=" " ind2=" " tag="949"><subfield code="a">https://toc.library.ethz.ch/objects/pdf/e01_978-3-642-30963-2_01.pdf</subfield></datafield><datafield ind1=" " ind2=" " tag="949"><subfield code="a">https://toc.library.ethz.ch/objects/pdf/e01_978-3-642-30963-2_02.pdf</subfield></datafield></record>
</metadata></record>