<record><header><identifier>oai:alma.41SLSP_UGE:991000012449705502</identifier><datestamp>2023-05-03T00:38:58Z</datestamp><setSpec>uge_bcen_RapidILL_BOOK</setSpec><setSpec>uge_aaca_RapidILL_BOOK</setSpec><setSpec>uge_abels_RapidILL_BOOK</setSpec><setSpec>uge_dbu_RapidILL_BOOK</setSpec><setSpec>uge_cmu_RapidILL_BOOK</setSpec><setSpec>uge_mail_RapidILL_BOOK</setSpec><setSpec>uge_abbat_RapidILL_BOOK</setSpec><setSpec>UNIGE_ALL</setSpec><setSpec>uge_aobs_RapidILL_BOOK</setSpec><setSpec>uge_acar_RapidILL_BOOK</setSpec></header><metadata>
<record xmlns="http://www.loc.gov/MARC21/slim" xmlns:xsi="http://www.w3.org/2001/XMLSchema-instance" xsi:schemaLocation="http://www.loc.gov/MARC21/slim http://www.loc.gov/standards/marcxml/schema/MARC21slim.xsd"><leader>03595nam a2200841 c 4500</leader><controlfield tag="001">991000012449705502</controlfield><controlfield tag="005">20230502200834.0</controlfield><controlfield tag="008">201011s2003    xxu||||| |||| 00| ||eng d</controlfield><datafield ind1=" " ind2=" " tag="010"><subfield code="a">2002007444</subfield></datafield><datafield ind1=" " ind2=" " tag="020"><subfield code="a">082032325X</subfield><subfield code="q">hardcover : alk. paper</subfield></datafield><datafield ind1=" " ind2=" " tag="035"><subfield code="a">(swissbib)222781327-41slsp_network</subfield></datafield><datafield ind1=" " ind2=" " tag="035"><subfield code="a">222781327</subfield><subfield code="9">ExL</subfield></datafield><datafield ind1=" " ind2=" " tag="035"><subfield code="a">(RERO)R003591695-41slsp</subfield></datafield><datafield ind1=" " ind2=" " tag="035"><subfield code="a">(NEBIS)004340247EBI01</subfield></datafield><datafield ind1=" " ind2=" " tag="035"><subfield code="a">(EXLNZ-41SLSP_NETWORK)991093479979705501</subfield></datafield><datafield ind1=" " ind2=" " tag="040"><subfield code="a">RERO geulan</subfield><subfield code="d">CH-ZuSLS</subfield></datafield><datafield ind1=" " ind2=" " tag="050"><subfield code="a">PS153.M56</subfield><subfield code="b">B67 2003</subfield></datafield><datafield ind1=" " ind2="7" tag="072"><subfield code="a">ps</subfield><subfield code="2">rero</subfield></datafield><datafield ind1=" " ind2="7" tag="072"><subfield code="a">ht</subfield><subfield code="2">rero</subfield></datafield><datafield ind1="0" ind2="0" tag="082"><subfield code="a">810.9/920693</subfield><subfield code="2">21</subfield></datafield><datafield ind1="0" ind2="4" tag="082"><subfield code="a">810.9920693 UKP</subfield></datafield><datafield ind1="1" ind2=" " tag="100"><subfield code="a">Bost, Suzanne</subfield><subfield code="d">19..-....</subfield><subfield code="0">(IDREF)098669966</subfield><subfield code="4">cre</subfield></datafield><datafield ind1="1" ind2="0" tag="245"><subfield code="a">Mulattas and mestizas</subfield><subfield code="b">representing mixed identities in the Americas, 1850-2000</subfield><subfield code="c">Suzanne Bost</subfield></datafield><datafield ind1=" " ind2="1" tag="264"><subfield code="a">Athens GA.</subfield><subfield code="a">London</subfield><subfield code="b">University of Georgia Press</subfield><subfield code="c">[2003]</subfield></datafield><datafield ind1=" " ind2="4" tag="264"><subfield code="c">© 2003</subfield></datafield><datafield ind1=" " ind2=" " tag="300"><subfield code="a">268 p.</subfield><subfield code="c">24 cm</subfield></datafield><datafield ind1=" " ind2=" " tag="336"><subfield code="b">txt</subfield><subfield code="2">rdacontent</subfield></datafield><datafield ind1=" " ind2=" " tag="337"><subfield code="b">n</subfield><subfield code="2">rdamedia</subfield></datafield><datafield ind1=" " ind2=" " tag="338"><subfield code="b">nc</subfield><subfield code="2">rdacarrier</subfield></datafield><datafield ind1=" " ind2=" " tag="504"><subfield code="a">Includes bibliographical references (p. ) and index</subfield></datafield><datafield ind1=" " ind2="7" tag="648"><subfield code="a">Geschichte 1850-2000</subfield><subfield code="2">gnd</subfield></datafield><datafield ind1=" " ind2="7" tag="650"><subfield code="a">identité</subfield><subfield code="0">(RERO)A010097856</subfield><subfield code="2">rerovoc</subfield></datafield><datafield ind1=" " ind2="7" tag="650"><subfield code="a">Métissage</subfield><subfield code="0">(IDREF)027807436</subfield><subfield code="2">idref</subfield></datafield><datafield ind1=" " ind2="7" tag="650"><subfield code="a">Race</subfield><subfield code="0">(IDREF)027546241</subfield><subfield code="2">idref</subfield></datafield><datafield ind1=" " ind2="7" tag="650"><subfield code="a">19e siècle-20e siècle</subfield><subfield code="2">idref</subfield></datafield><datafield ind1=" " ind2="7" tag="650"><subfield code="a">femme - image</subfield><subfield code="0">(RERO)A009989779</subfield><subfield code="2">rerovoc</subfield></datafield><datafield ind1=" " ind2="7" tag="650"><subfield code="a">Identité collective</subfield><subfield code="0">(IDREF)029251133</subfield><subfield code="2">idref</subfield></datafield><datafield ind1=" " ind2="7" tag="650"><subfield code="a">Relations interethniques</subfield><subfield code="0">(IDREF)027507882</subfield><subfield code="2">idref</subfield></datafield><datafield ind1=" " ind2="7" tag="650"><subfield code="a">Littérature américaine (Amérique)</subfield><subfield code="0">(RERO)A027725984</subfield><subfield code="2">rero</subfield></datafield><datafield ind1=" " ind2="7" tag="650"><subfield code="a">American literature</subfield><subfield code="x">Minority authors</subfield><subfield code="x">History and criticism</subfield><subfield code="2">idszbzna</subfield></datafield><datafield ind1=" " ind2="7" tag="650"><subfield code="a">Racially mixed people in literature</subfield><subfield code="2">idszbzna</subfield></datafield><datafield ind1=" " ind2="7" tag="650"><subfield code="a">Latin American literature</subfield><subfield code="x">Women authors</subfield><subfield code="x">History and criticism</subfield><subfield code="2">idszbzna</subfield></datafield><datafield ind1=" " ind2="7" tag="650"><subfield code="a">American literature</subfield><subfield code="x">Women authors</subfield><subfield code="x">History and criticism</subfield><subfield code="2">idszbzna</subfield></datafield><datafield ind1=" " ind2="7" tag="650"><subfield code="a">Group identity in literature</subfield><subfield code="2">idszbzna</subfield></datafield><datafield ind1=" " ind2="7" tag="650"><subfield code="a">Miscegenation in literature</subfield><subfield code="2">idszbzna</subfield></datafield><datafield ind1=" " ind2="7" tag="650"><subfield code="a">Race in literature</subfield><subfield code="2">idszbzna</subfield></datafield><datafield ind1=" " ind2="7" tag="650"><subfield code="a">Human skin color in literature</subfield><subfield code="2">idszbzna</subfield></datafield><datafield ind1=" " ind2="7" tag="650"><subfield code="a">Women and literature</subfield><subfield code="z">United States</subfield><subfield code="x">History</subfield><subfield code="2">idszbzna</subfield></datafield><datafield ind1=" " ind2="7" tag="650"><subfield code="a">Women and literature</subfield><subfield code="z">Latin America</subfield><subfield code="x">History</subfield><subfield code="2">idszbzna</subfield></datafield><datafield ind1=" " ind2="7" tag="650"><subfield code="a">Identity (Psychology) in literature</subfield><subfield code="2">idszbzna</subfield></datafield><datafield ind1=" " ind2="7" tag="650"><subfield code="a">Ethnische Identität</subfield><subfield code="0">(DE-588)4153096-2</subfield><subfield code="2">gnd</subfield></datafield><datafield ind1=" " ind2="7" tag="650"><subfield code="a">Mestizen</subfield><subfield code="0">(DE-588)4240789-8</subfield><subfield code="2">gnd</subfield></datafield><datafield ind1=" " ind2="7" tag="650"><subfield code="a">Mulatten</subfield><subfield code="0">(DE-588)4264577-3</subfield><subfield code="2">gnd</subfield></datafield><datafield ind1=" " ind2="7" tag="650"><subfield code="a">Multikulturelle Gesellschaft</subfield><subfield code="0">(DE-588)4214151-5</subfield><subfield code="2">gnd</subfield></datafield><datafield ind1=" " ind2="0" tag="650"><subfield code="a">American literature</subfield><subfield code="x">Minority authors</subfield><subfield code="x">History and criticism</subfield></datafield><datafield ind1=" " ind2="0" tag="650"><subfield code="a">American literature</subfield><subfield code="x">Women authors</subfield><subfield code="x">History and criticism</subfield></datafield><datafield ind1=" " ind2="0" tag="650"><subfield code="a">Group identity in literature</subfield></datafield><datafield ind1=" " ind2="0" tag="650"><subfield code="a">Human skin color in literature</subfield></datafield><datafield ind1=" " ind2="0" tag="650"><subfield code="a">Identity (Psychology) in literature</subfield></datafield><datafield ind1=" " ind2="0" tag="650"><subfield code="a">Latin American literature</subfield><subfield code="x">Women authors</subfield><subfield code="x">History and criticism</subfield></datafield><datafield ind1=" " ind2="0" tag="650"><subfield code="a">Miscegenation in literature</subfield></datafield><datafield ind1=" " ind2="0" tag="650"><subfield code="a">Race in literature</subfield></datafield><datafield ind1=" " ind2="0" tag="650"><subfield code="a">Racially mixed people in literature</subfield></datafield><datafield ind1=" " ind2="0" tag="650"><subfield code="a">Racially mixed people</subfield><subfield code="x">Intellectual life</subfield></datafield><datafield ind1=" " ind2="0" tag="650"><subfield code="a">Women and literature</subfield><subfield code="z">Latin America</subfield></datafield><datafield ind1=" " ind2="0" tag="650"><subfield code="a">Women and literature</subfield><subfield code="z">Latin America</subfield><subfield code="x">History</subfield></datafield><datafield ind1=" " ind2="0" tag="650"><subfield code="a">Women and literature</subfield><subfield code="z">United States</subfield></datafield><datafield ind1=" " ind2="0" tag="650"><subfield code="a">Women and literature</subfield><subfield code="z">United States</subfield><subfield code="x">History</subfield></datafield><datafield ind1=" " ind2="7" tag="651"><subfield code="a">Amérique</subfield><subfield code="0">(IDREF)027218953</subfield><subfield code="2">idref</subfield></datafield><datafield ind1=" " ind2="7" tag="651"><subfield code="a">États-Unis</subfield><subfield code="0">(IDREF)027225488</subfield><subfield code="2">idref</subfield></datafield><datafield ind1=" " ind2="7" tag="651"><subfield code="a">Mexique</subfield><subfield code="0">(IDREF)027239497</subfield><subfield code="2">idref</subfield></datafield><datafield ind1=" " ind2="7" tag="651"><subfield code="a">USA</subfield><subfield code="0">(DE-588)4078704-7</subfield><subfield code="2">gnd</subfield></datafield><datafield ind1=" " ind2=" " tag="900"><subfield code="a">REROnoselfmerge</subfield></datafield><datafield ind1=" " ind2=" " tag="900"><subfield code="a">IDSZ2zbzmon200303f</subfield><subfield code="c">IDSZ2baeh</subfield><subfield code="d">IDSZ2nabswk200303b</subfield><subfield code="e">IDSZ2mahe</subfield></datafield></record>
</metadata></record>