<record><header><identifier>oai:alma.41SLSP_UGE:991000012969705502</identifier><datestamp>2023-03-01T01:09:19Z</datestamp><setSpec>uge_bcen_RapidILL_BOOK</setSpec><setSpec>uge_aaca_RapidILL_BOOK</setSpec><setSpec>uge_abels_RapidILL_BOOK</setSpec><setSpec>uge_dbu_RapidILL_BOOK</setSpec><setSpec>uge_cmu_RapidILL_BOOK</setSpec><setSpec>uge_mail_RapidILL_BOOK</setSpec><setSpec>UNIGE_ALL</setSpec><setSpec>uge_abbat_RapidILL_BOOK</setSpec><setSpec>uge_aobs_RapidILL_BOOK</setSpec><setSpec>uge_acar_RapidILL_BOOK</setSpec></header><metadata>
<record xmlns="http://www.loc.gov/MARC21/slim" xmlns:xsi="http://www.w3.org/2001/XMLSchema-instance" xsi:schemaLocation="http://www.loc.gov/MARC21/slim http://www.loc.gov/standards/marcxml/schema/MARC21slim.xsd"><leader>01637nam a2200325 c 4500</leader><controlfield tag="001">991000012969705502</controlfield><controlfield tag="005">20230121164138.0</controlfield><controlfield tag="008">150804s2015    ru ||||| |||| 00| ||rus d</controlfield><datafield ind1=" " ind2=" " tag="020"><subfield code="a">9785235037946</subfield></datafield><datafield ind1=" " ind2=" " tag="035"><subfield code="a">(swissbib)121889955-41slsp_network</subfield></datafield><datafield ind1=" " ind2=" " tag="035"><subfield code="a">121889955</subfield><subfield code="9">ExL</subfield></datafield><datafield ind1=" " ind2=" " tag="035"><subfield code="a">(RERO)R008215913-41slsp</subfield></datafield><datafield ind1=" " ind2=" " tag="035"><subfield code="a">(EXLNZ-41SLSP_NETWORK)991126932979705501</subfield></datafield><datafield ind1=" " ind2=" " tag="040"><subfield code="a">RERO geulru</subfield><subfield code="d">CH-ZuSLS</subfield></datafield><datafield ind1=" " ind2="7" tag="072"><subfield code="a">ru</subfield><subfield code="2">rero</subfield></datafield><datafield ind1="1" ind2=" " tag="100"><subfield code="6">880-01</subfield><subfield code="a">Černâvskij, Georgij Iosifovič</subfield><subfield code="d">1931-....</subfield><subfield code="0">(IDREF)115336508</subfield><subfield code="4">cre</subfield></datafield><datafield ind1="1" ind2=" " tag="880"><subfield code="6">100-01/(N</subfield><subfield code="a">Чернявский, Георгий Иосифович</subfield></datafield><datafield ind1="1" ind2="0" tag="245"><subfield code="a">Mili︠u︡kov</subfield><subfield code="c">Georgiĭ Cherni︠a︡vskiĭ, Larisa Dubova</subfield></datafield><datafield ind1="1" ind2=" " tag="246"><subfield code="a">Miljukov / Georgij Černjavskij, Larisa Dubova</subfield></datafield><datafield ind1=" " ind2="1" tag="264"><subfield code="a">Moskva</subfield><subfield code="b">Molodai︠a︡ gvardii︠a︡</subfield><subfield code="c">2015</subfield></datafield><datafield ind1=" " ind2=" " tag="300"><subfield code="a">509 p.</subfield><subfield code="b">ill.</subfield></datafield><datafield ind1=" " ind2=" " tag="336"><subfield code="b">txt</subfield><subfield code="2">rdacontent</subfield></datafield><datafield ind1=" " ind2=" " tag="337"><subfield code="b">n</subfield><subfield code="2">rdamedia</subfield></datafield><datafield ind1=" " ind2=" " tag="338"><subfield code="b">nc</subfield><subfield code="2">rdacarrier</subfield></datafield><datafield ind1="1" ind2=" " tag="490"><subfield code="a">Zhiznʹ zamechatelʹnikh li︠u︡deĭ. Serii︠a︡ biografiĭ</subfield><subfield code="v">vyp. 1725 (1525)</subfield></datafield><datafield ind1="1" ind2="7" tag="600"><subfield code="a">Milioukov, Pavel Nikolaïevitch</subfield><subfield code="0">(RERO)A010174643</subfield><subfield code="2">rero</subfield></datafield><datafield ind1=" " ind2="7" tag="655"><subfield code="a">Biographie</subfield><subfield code="0">(IDREF)027281558</subfield><subfield code="2">idref</subfield></datafield><datafield ind1="1" ind2=" " tag="700"><subfield code="6">880-02</subfield><subfield code="a">Dubova, Larisa</subfield><subfield code="d">1947-....</subfield><subfield code="0">(IDREF)128462167</subfield></datafield><datafield ind1="1" ind2=" " tag="880"><subfield code="6">700-02/(N</subfield><subfield code="a">Дубова, Лариса</subfield></datafield><datafield ind1=" " ind2="0" tag="830"><subfield code="a">Zhiznʹ zamechatelʹnykh li︠u︡deĭ</subfield><subfield code="w">(RERO)0741662-41slsp</subfield></datafield><datafield ind1=" " ind2=" " tag="900"><subfield code="a">REROnoselfmerge</subfield></datafield></record>
</metadata></record>