<record><header><identifier>oai:alma.41SLSP_UGE:991000012549705502</identifier><datestamp>2024-04-05T00:24:01Z</datestamp><setSpec>uge_bcen_RapidILL_BOOK</setSpec><setSpec>uge_aaca_RapidILL_BOOK</setSpec><setSpec>uge_abels_RapidILL_BOOK</setSpec><setSpec>uge_dbu_RapidILL_BOOK</setSpec><setSpec>uge_cmu_RapidILL_BOOK</setSpec><setSpec>uge_mail_RapidILL_BOOK</setSpec><setSpec>uge_abbat_RapidILL_BOOK</setSpec><setSpec>UNIGE_ALL</setSpec><setSpec>uge_aobs_RapidILL_BOOK</setSpec><setSpec>uge_acar_RapidILL_BOOK</setSpec></header><metadata>
<record xmlns="http://www.loc.gov/MARC21/slim" xmlns:xsi="http://www.w3.org/2001/XMLSchema-instance" xsi:schemaLocation="http://www.loc.gov/MARC21/slim http://www.loc.gov/standards/marcxml/schema/MARC21slim.xsd"><leader>02129nam a2200505uc 4500</leader><controlfield tag="001">991000012549705502</controlfield><controlfield tag="005">20240404162758.0</controlfield><controlfield tag="008">201012s1980    gw ----- ---- 00| --fre  </controlfield><datafield ind1=" " ind2=" " tag="020"><subfield code="a">3452187195</subfield></datafield><datafield ind1=" " ind2=" " tag="035"><subfield code="a">(swissbib)240686489-41slsp_network</subfield></datafield><datafield ind1=" " ind2=" " tag="035"><subfield code="a">240686489</subfield><subfield code="9">ExL</subfield></datafield><datafield ind1=" " ind2=" " tag="035"><subfield code="a">(IDSSG)000151395HSB01</subfield></datafield><datafield ind1=" " ind2=" " tag="035"><subfield code="a">(NEBIS)005844774EBI01</subfield></datafield><datafield ind1=" " ind2=" " tag="035"><subfield code="a">(RERO)0504004-41slsp</subfield></datafield><datafield ind1=" " ind2=" " tag="035"><subfield code="a">(EXLNZ-41SLSP_NETWORK)991129805889705501</subfield></datafield><datafield ind1=" " ind2=" " tag="040"><subfield code="a">SzZuIDS HSG</subfield><subfield code="b">ger</subfield><subfield code="e">kids</subfield><subfield code="d">CH-ZuSLS</subfield></datafield><datafield ind1="0" ind2=" " tag="041"><subfield code="a">fre</subfield><subfield code="a">eng</subfield></datafield><datafield ind1=" " ind2="7" tag="072"><subfield code="a">dr</subfield><subfield code="2">rero</subfield></datafield><datafield ind1="0" ind2="0" tag="082"><subfield code="a">341.4/81/0268415</subfield><subfield code="2">19</subfield></datafield><datafield ind1="0" ind2="4" tag="082"><subfield code="a">341.4 81 0268415</subfield><subfield code="2">19</subfield></datafield><datafield ind1="0" ind2="4" tag="082"><subfield code="a">323.4</subfield></datafield><datafield ind1="7" ind2="4" tag="082"><subfield code="a">340</subfield><subfield code="2">23sdnb</subfield></datafield><datafield ind1=" " ind2=" " tag="084"><subfield code="a">D 18.2 d</subfield><subfield code="2">cjurrom</subfield></datafield><datafield ind1="0" ind2="0" tag="245"><subfield code="a">Affaire Airey</subfield><subfield code="b">arrêt du 9 octobre 1979</subfield><subfield code="c">Greffe de la Cour Conseil de l'Europe = Registry of the Court Council of Europe</subfield></datafield><datafield ind1="1" ind2="1" tag="246"><subfield code="a">Airey case</subfield></datafield><datafield ind1=" " ind2="1" tag="264"><subfield code="a">Köln &lt;etc.&gt;</subfield><subfield code="b">Heymanns</subfield><subfield code="c">1980</subfield></datafield><datafield ind1=" " ind2=" " tag="300"><subfield code="a">30 p. avec pagination double</subfield><subfield code="c">24 cm</subfield></datafield><datafield ind1=" " ind2=" " tag="336"><subfield code="b">txt</subfield><subfield code="2">rdacontent</subfield></datafield><datafield ind1=" " ind2=" " tag="337"><subfield code="b">n</subfield><subfield code="2">rdamedia</subfield></datafield><datafield ind1=" " ind2=" " tag="338"><subfield code="b">nc</subfield><subfield code="2">rdacarrier</subfield></datafield><datafield ind1="1" ind2=" " tag="490"><subfield code="a">Publications de la Cour Européenne des Droits de l'Homme. Série A</subfield><subfield code="v">32</subfield></datafield><datafield ind1=" " ind2=" " tag="500"><subfield code="a">Text in englischer und französischer Sprache</subfield></datafield><datafield ind1=" " ind2=" " tag="500"><subfield code="a">Text franz. und engl., parallel angeordnet</subfield></datafield><datafield ind1="1" ind2="0" tag="600"><subfield code="a">Airey, Johanna</subfield></datafield><datafield ind1="1" ind2="0" tag="600"><subfield code="a">Airey, Johanna</subfield><subfield code="d">1932-</subfield><subfield code="v">Trials, litigation, etc</subfield></datafield><datafield ind1="1" ind2="0" tag="600"><subfield code="a">Airey, Johanna</subfield><subfield code="d">1932-</subfield><subfield code="x">Trials, litigation, etc</subfield></datafield><datafield ind1=" " ind2="0" tag="650"><subfield code="a">Legal aid</subfield><subfield code="z">Ireland</subfield></datafield><datafield ind1=" " ind2="0" tag="650"><subfield code="a">Separation (Law)</subfield><subfield code="z">Ireland</subfield></datafield><datafield ind1=" " ind2="0" tag="650"><subfield code="a">Separation (Law)</subfield><subfield code="z">Ireland</subfield><subfield code="x">Costs</subfield></datafield><datafield ind1=" " ind2=" " tag="690"><subfield code="a">Europäischer Gerichtshof für Menschenrechte / Entscheide</subfield><subfield code="2">uzb-Z9</subfield></datafield><datafield ind1="2" ind2=" " tag="710"><subfield code="a">Europäischer Gerichtshof für Menschenrechte</subfield><subfield code="0">(DE-588)1003803-6</subfield></datafield><datafield ind1="2" ind2=" " tag="710"><subfield code="a">Cour Européenne des Droits de l'Homme</subfield><subfield code="g">Strasbourg</subfield><subfield code="b">Greffe</subfield><subfield code="0">(DE-588)1086370538</subfield></datafield><datafield ind1=" " ind2=" " tag="830"><subfield code="a">Publications de la Cour Européenne des Droits de l'Homme</subfield><subfield code="p">Série A, arrêts et décisions</subfield><subfield code="v">32</subfield><subfield code="w">(IDSSG)000305609HSB01</subfield></datafield><datafield ind1=" " ind2=" " tag="830"><subfield code="a">Publications de la Cour européenne des droits de l'homme</subfield><subfield code="n">Series A</subfield><subfield code="p">Série A, Arrêts et décisions</subfield><subfield code="p">Judgments and decisions</subfield><subfield code="v">32</subfield><subfield code="w">(NEBIS)000989428EBI01</subfield></datafield><datafield ind1=" " ind2=" " tag="900"><subfield code="a">IDSZ2rwimon200908e</subfield><subfield code="c">IDSZ2irell 090811</subfield></datafield><datafield ind1=" " ind2=" " tag="900"><subfield code="a">REROnoselfmerge</subfield></datafield></record>
</metadata></record>