<record><header><identifier>oai:alma.41SLSP_UGE:991000012649705502</identifier><datestamp>2023-09-02T00:57:40Z</datestamp><setSpec>uge_bcen_RapidILL_BOOK</setSpec><setSpec>uge_aaca_RapidILL_BOOK</setSpec><setSpec>uge_abels_RapidILL_BOOK</setSpec><setSpec>uge_dbu_RapidILL_BOOK</setSpec><setSpec>uge_cmu_RapidILL_BOOK</setSpec><setSpec>uge_mail_RapidILL_BOOK</setSpec><setSpec>uge_abbat_RapidILL_BOOK</setSpec><setSpec>UNIGE_ALL</setSpec><setSpec>uge_acar_RapidILL_BOOK</setSpec><setSpec>uge_aobs_RapidILL_BOOK</setSpec></header><metadata>
<record xmlns="http://www.loc.gov/MARC21/slim" xmlns:xsi="http://www.w3.org/2001/XMLSchema-instance" xsi:schemaLocation="http://www.loc.gov/MARC21/slim http://www.loc.gov/standards/marcxml/schema/MARC21slim.xsd"><leader>01439nam a2200373 c 4500</leader><controlfield tag="001">991000012649705502</controlfield><controlfield tag="005">20230320184611.0</controlfield><controlfield tag="008">960525s1982    fr ||||| |||| 00| ||fre d</controlfield><datafield ind1=" " ind2=" " tag="020"><subfield code="a">270711331X</subfield></datafield><datafield ind1=" " ind2=" " tag="035"><subfield code="a">(swissbib)078949610-41slsp_network</subfield></datafield><datafield ind1=" " ind2=" " tag="035"><subfield code="a">078949610</subfield><subfield code="9">ExL</subfield></datafield><datafield ind1=" " ind2=" " tag="035"><subfield code="a">(RERO)0428082-41slsp</subfield></datafield><datafield ind1=" " ind2=" " tag="035"><subfield code="a">(EXLNZ-41SLSP_NETWORK)991062054629705501</subfield></datafield><datafield ind1=" " ind2=" " tag="040"><subfield code="a">RERO</subfield><subfield code="d">CH-ZuSLS</subfield></datafield><datafield ind1=" " ind2="7" tag="072"><subfield code="a">se</subfield><subfield code="2">rero</subfield></datafield><datafield ind1=" " ind2="7" tag="072"><subfield code="a">ss</subfield><subfield code="2">rero</subfield></datafield><datafield ind1="0" ind2="0" tag="245"><subfield code="a">Famines et pénuries</subfield><subfield code="b">la faim dans le monde et les idées reçues</subfield><subfield code="c">dossier réuni par Ana-Maria Galano, François Gèze et Fanchita Gonzalez-Batlle</subfield></datafield><datafield ind1=" " ind2="1" tag="264"><subfield code="a">Paris</subfield><subfield code="b">Maspero</subfield><subfield code="c">1982</subfield></datafield><datafield ind1=" " ind2=" " tag="300"><subfield code="a">187 p.</subfield><subfield code="b">ill.</subfield><subfield code="c">19 cm</subfield></datafield><datafield ind1=" " ind2=" " tag="336"><subfield code="b">txt</subfield><subfield code="2">rdacontent</subfield></datafield><datafield ind1=" " ind2=" " tag="337"><subfield code="b">n</subfield><subfield code="2">rdamedia</subfield></datafield><datafield ind1=" " ind2=" " tag="338"><subfield code="b">nc</subfield><subfield code="2">rdacarrier</subfield></datafield><datafield ind1="1" ind2=" " tag="490"><subfield code="a">Petite collection Maspero</subfield><subfield code="v">273</subfield></datafield><datafield ind1="1" ind2=" " tag="490"><subfield code="a">Tricontinental. Nouvelle série. Numéro spécial</subfield></datafield><datafield ind1=" " ind2="7" tag="650"><subfield code="a">Alimentation</subfield><subfield code="0">(IDREF)027218805</subfield><subfield code="2">idref</subfield></datafield><datafield ind1=" " ind2="7" tag="650"><subfield code="a">Développement économique</subfield><subfield code="0">(IDREF)027224902</subfield><subfield code="2">idref</subfield></datafield><datafield ind1=" " ind2="7" tag="650"><subfield code="a">Faim</subfield><subfield code="0">(IDREF)027225615</subfield><subfield code="2">idref</subfield></datafield><datafield ind1=" " ind2="7" tag="650"><subfield code="a">Géopolitique</subfield><subfield code="0">(IDREF)027732428</subfield><subfield code="2">idref</subfield></datafield><datafield ind1=" " ind2="7" tag="650"><subfield code="a">Famines</subfield><subfield code="0">(IDREF)027606309</subfield><subfield code="2">idref</subfield></datafield><datafield ind1="1" ind2=" " tag="700"><subfield code="a">Galano, Ana-Maria</subfield><subfield code="d">1943-2002</subfield><subfield code="0">(IDREF)059802073</subfield></datafield><datafield ind1="1" ind2=" " tag="700"><subfield code="a">Gèze, François</subfield><subfield code="d">1948-2023</subfield><subfield code="0">(IDREF)056539088</subfield></datafield><datafield ind1="1" ind2=" " tag="700"><subfield code="a">Gonzalez-Batlle, Fanchita</subfield><subfield code="d">1938-2023</subfield><subfield code="0">(IDREF)026897008</subfield></datafield><datafield ind1=" " ind2=" " tag="830"><subfield code="a">Petite collection Maspéro</subfield><subfield code="v">273</subfield><subfield code="w">(RERO)0014899-41slsp</subfield></datafield><datafield ind1=" " ind2=" " tag="830"><subfield code="a">Tricontinental</subfield><subfield code="p">Maspero</subfield><subfield code="w">(RERO)0386297-41slsp</subfield></datafield><datafield ind1=" " ind2=" " tag="900"><subfield code="a">REROnoselfmerge</subfield></datafield></record>
</metadata></record>