<record><header><identifier>oai:alma.41SLSP_UGE:991000012439705502</identifier><datestamp>2023-03-03T01:08:36Z</datestamp><setSpec>uge_bcen_RapidILL_BOOK</setSpec><setSpec>uge_aaca_RapidILL_BOOK</setSpec><setSpec>uge_abels_RapidILL_BOOK</setSpec><setSpec>uge_dbu_RapidILL_BOOK</setSpec><setSpec>uge_cmu_RapidILL_BOOK</setSpec><setSpec>uge_mail_RapidILL_BOOK</setSpec><setSpec>uge_abbat_RapidILL_BOOK</setSpec><setSpec>UNIGE_ALL</setSpec><setSpec>uge_acar_RapidILL_BOOK</setSpec><setSpec>uge_aobs_RapidILL_BOOK</setSpec></header><metadata>
<record xmlns="http://www.loc.gov/MARC21/slim" xmlns:xsi="http://www.w3.org/2001/XMLSchema-instance" xsi:schemaLocation="http://www.loc.gov/MARC21/slim http://www.loc.gov/standards/marcxml/schema/MARC21slim.xsd"><leader>02741nam a2200661 c 4500</leader><controlfield tag="001">991000012439705502</controlfield><controlfield tag="005">20230302190714.0</controlfield><controlfield tag="008">201011s2012    it ||||| |||| 00| ||ita d</controlfield><datafield ind1=" " ind2=" " tag="020"><subfield code="a">9788843066117</subfield></datafield><datafield ind1=" " ind2=" " tag="020"><subfield code="a">8843066110</subfield></datafield><datafield ind1=" " ind2=" " tag="035"><subfield code="a">(swissbib)221295976-41slsp_network</subfield></datafield><datafield ind1=" " ind2=" " tag="035"><subfield code="a">221295976</subfield><subfield code="9">ExL</subfield></datafield><datafield ind1=" " ind2=" " tag="035"><subfield code="a">(RERO)R007189783-41slsp</subfield></datafield><datafield ind1=" " ind2=" " tag="035"><subfield code="a">(NEBIS)007585443EBI01</subfield></datafield><datafield ind1=" " ind2=" " tag="035"><subfield code="a">(IDSBB)006024677DSV01</subfield></datafield><datafield ind1=" " ind2=" " tag="035"><subfield code="a">(OCoLC)798610360</subfield></datafield><datafield ind1=" " ind2=" " tag="035"><subfield code="a">(EXLNZ-41SLSP_NETWORK)991096583139705501</subfield></datafield><datafield ind1=" " ind2=" " tag="040"><subfield code="a">RERO geulit</subfield><subfield code="d">CH-ZuSLS</subfield></datafield><datafield ind1=" " ind2=" " tag="050"><subfield code="a">PQ</subfield></datafield><datafield ind1=" " ind2="7" tag="072"><subfield code="a">it</subfield><subfield code="2">rero</subfield></datafield><datafield ind1=" " ind2="7" tag="072"><subfield code="a">it</subfield><subfield code="2">SzZuIDS BS/BE</subfield></datafield><datafield ind1="0" ind2="4" tag="082"><subfield code="a">853</subfield><subfield code="2">21</subfield></datafield><datafield ind1="1" ind2="4" tag="082"><subfield code="a">853</subfield><subfield code="2">21</subfield></datafield><datafield ind1="1" ind2=" " tag="100"><subfield code="a">Montefoschi, Paola</subfield><subfield code="0">(IDREF)028498852</subfield><subfield code="4">cre</subfield></datafield><datafield ind1="1" ind2="0" tag="245"><subfield code="a">&lt;&lt;Il&gt;&gt; mare al di là delle colline</subfield><subfield code="b">il viaggio nel Novecento letterario italiano</subfield><subfield code="c">Paola Montefoschi</subfield></datafield><datafield ind1=" " ind2="1" tag="264"><subfield code="a">Roma</subfield><subfield code="b">Carocci editore</subfield><subfield code="c">2012</subfield></datafield><datafield ind1=" " ind2=" " tag="300"><subfield code="a">271 p.</subfield></datafield><datafield ind1=" " ind2=" " tag="336"><subfield code="b">txt</subfield><subfield code="2">rdacontent</subfield></datafield><datafield ind1=" " ind2=" " tag="337"><subfield code="b">n</subfield><subfield code="2">rdamedia</subfield></datafield><datafield ind1=" " ind2=" " tag="338"><subfield code="b">nc</subfield><subfield code="2">rdacarrier</subfield></datafield><datafield ind1="1" ind2=" " tag="490"><subfield code="a">Lingue e letterature Carocci</subfield><subfield code="v">143</subfield></datafield><datafield ind1=" " ind2=" " tag="504"><subfield code="a">Includes bibliographical references and index</subfield></datafield><datafield ind1="0" ind2=" " tag="505"><subfield code="a">Appendice 1 : Carte inedite (abbozzo dell'aeropoema 'Roma Cartagine' di Marinetti e prove di scrittura del 'Ciau Masino' di Pavese)</subfield></datafield><datafield ind1="0" ind2=" " tag="505"><subfield code="a">Appendice 2 : Scritti estravaganti (articoli balcanici di Bruno Barilli e Giovanni Comisso)</subfield></datafield><datafield ind1=" " ind2="7" tag="648"><subfield code="a">Geschichte 1900-2000</subfield><subfield code="2">idszbz</subfield></datafield><datafield ind1=" " ind2="7" tag="648"><subfield code="a">Geschichte 1900-2000</subfield><subfield code="2">gnd</subfield></datafield><datafield ind1=" " ind2="7" tag="650"><subfield code="a">Voyages</subfield><subfield code="0">(IDREF)049407163</subfield><subfield code="2">idref</subfield></datafield><datafield ind1=" " ind2="7" tag="650"><subfield code="a">Littérature italienne</subfield><subfield code="0">(IDREF)027806480</subfield><subfield code="2">idref</subfield></datafield><datafield ind1=" " ind2="7" tag="650"><subfield code="a">20e siècle</subfield><subfield code="0">(IDREF)086305646</subfield><subfield code="2">idref</subfield></datafield><datafield ind1=" " ind2="7" tag="650"><subfield code="a">Reiseliteratur</subfield><subfield code="0">(DE-588)4177612-4</subfield><subfield code="2">gnd</subfield></datafield><datafield ind1=" " ind2="0" tag="650"><subfield code="a">Italian literature</subfield><subfield code="y">20th century</subfield><subfield code="x">History and criticism</subfield></datafield><datafield ind1=" " ind2="0" tag="650"><subfield code="a">Italian literature</subfield><subfield code="y">20th century</subfield><subfield code="x">Themes, motives</subfield></datafield><datafield ind1=" " ind2="0" tag="650"><subfield code="a">Travel in literature</subfield></datafield><datafield ind1=" " ind2="7" tag="650"><subfield code="a">Italienisch</subfield><subfield code="0">(DE-588)4114056-4</subfield><subfield code="2">gnd</subfield></datafield><datafield ind1=" " ind2="7" tag="650"><subfield code="a">Literatur</subfield><subfield code="0">(DE-588)4035964-5</subfield><subfield code="2">gnd</subfield></datafield><datafield ind1=" " ind2="7" tag="650"><subfield code="a">Reise</subfield><subfield code="g">Motiv</subfield><subfield code="0">(DE-588)4115736-9</subfield><subfield code="2">gnd</subfield></datafield><datafield ind1=" " ind2="7" tag="655"><subfield code="a">[Études diverses]</subfield><subfield code="0">(RERO)A022249905</subfield><subfield code="2">rero</subfield></datafield><datafield ind1="1" ind2="2" tag="700"><subfield code="a">Marinetti, Filippo Tommaso</subfield><subfield code="t">Roma Cartagine</subfield></datafield><datafield ind1="1" ind2=" " tag="700"><subfield code="a">Barilli, Bruno</subfield><subfield code="0">(RERO)A002969451</subfield></datafield><datafield ind1="1" ind2=" " tag="700"><subfield code="a">Comisso, Giovanni</subfield><subfield code="0">(RERO)A003121266</subfield></datafield><datafield ind1="1" ind2="2" tag="700"><subfield code="a">Pavese, Cesare</subfield><subfield code="t">Ciau Masino</subfield></datafield><datafield ind1="1" ind2=" " tag="700"><subfield code="a">Marinetti, Filippo Tommaso</subfield></datafield><datafield ind1="1" ind2=" " tag="700"><subfield code="a">Pavese, Cesare</subfield></datafield><datafield ind1="4" ind2=" " tag="856"><subfield code="3">Titelblatt und Inhaltsverzeichnis</subfield><subfield code="u">https://toc.library.ethz.ch/objects/pdf/z01_978-88-430-6611-7_01.pdf</subfield><subfield code="q">pdf</subfield></datafield><datafield ind1=" " ind2=" " tag="830"><subfield code="a">Lingue e letterature Carocci</subfield><subfield code="v">143</subfield><subfield code="w">(NEBIS)004175485EBI01</subfield></datafield><datafield ind1=" " ind2=" " tag="830"><subfield code="a">Lingue e letterature</subfield><subfield code="p">Carocci</subfield><subfield code="v">143</subfield><subfield code="w">(RERO)R003092261-41slsp</subfield></datafield><datafield ind1=" " ind2=" " tag="900"><subfield code="a">REROnoselfmerge</subfield></datafield><datafield ind1=" " ind2=" " tag="900"><subfield code="a">IDSZ2zbzmon201212f</subfield><subfield code="c">IDSZ2proc</subfield><subfield code="d">IDSZ2zbzswk201212b</subfield><subfield code="e">IDSZ2brua</subfield></datafield><datafield ind1=" " ind2=" " tag="949"><subfield code="a">https://toc.library.ethz.ch/objects/pdf/z01_978-88-430-6611-7_01.pdf</subfield></datafield><datafield ind1=" " ind2=" " tag="993"><subfield code="a">BFLA 239742</subfield><subfield code="x">ge/ulit/a/12/512</subfield><subfield code="9">LOCAL</subfield></datafield></record>
</metadata></record>