<record><header><identifier>oai:alma.41SLSP_UGE:991000013169705502</identifier><datestamp>2023-03-01T01:09:19Z</datestamp><setSpec>uge_bcen_RapidILL_BOOK</setSpec><setSpec>uge_aaca_RapidILL_BOOK</setSpec><setSpec>uge_abels_RapidILL_BOOK</setSpec><setSpec>uge_dbu_RapidILL_BOOK</setSpec><setSpec>uge_cmu_RapidILL_BOOK</setSpec><setSpec>uge_mail_RapidILL_BOOK</setSpec><setSpec>uge_abbat_RapidILL_BOOK</setSpec><setSpec>UNIGE_ALL</setSpec><setSpec>uge_aobs_RapidILL_BOOK</setSpec><setSpec>uge_acar_RapidILL_BOOK</setSpec></header><metadata>
<record xmlns="http://www.loc.gov/MARC21/slim" xmlns:xsi="http://www.w3.org/2001/XMLSchema-instance" xsi:schemaLocation="http://www.loc.gov/MARC21/slim http://www.loc.gov/standards/marcxml/schema/MARC21slim.xsd"><leader>01744nam a2200493uc 4500</leader><controlfield tag="001">991000013169705502</controlfield><controlfield tag="005">20230227210715.0</controlfield><controlfield tag="008">201011s1987    xxk           00| | eng d</controlfield><datafield ind1=" " ind2=" " tag="010"><subfield code="a">86019079</subfield></datafield><datafield ind1=" " ind2=" " tag="020"><subfield code="a">0582301742</subfield><subfield code="q">Longman</subfield></datafield><datafield ind1=" " ind2=" " tag="020"><subfield code="a">0470207817</subfield><subfield code="q">Wiley USA</subfield></datafield><datafield ind1=" " ind2=" " tag="035"><subfield code="a">(swissbib)216835615-41slsp_network</subfield></datafield><datafield ind1=" " ind2=" " tag="035"><subfield code="a">216835615</subfield><subfield code="9">ExL</subfield></datafield><datafield ind1=" " ind2=" " tag="035"><subfield code="a">(IDSBB)000376792DSV01</subfield></datafield><datafield ind1=" " ind2=" " tag="035"><subfield code="a">(RERO)0940655-41slsp</subfield></datafield><datafield ind1=" " ind2=" " tag="035"><subfield code="a">(NEBIS)000479423EBI01</subfield></datafield><datafield ind1=" " ind2=" " tag="035"><subfield code="a">(EXLNZ-41SLSP_NETWORK)991013594199705501</subfield></datafield><datafield ind1=" " ind2=" " tag="040"><subfield code="a">SzZuIDS BS/BE A100</subfield><subfield code="b">ger</subfield><subfield code="e">kids</subfield><subfield code="d">CH-ZuSLS</subfield></datafield><datafield ind1=" " ind2=" " tag="044"><subfield code="a">xxk</subfield><subfield code="a">xxu</subfield></datafield><datafield ind1=" " ind2="7" tag="072"><subfield code="a">ge</subfield><subfield code="2">SzZuIDS BS/BE</subfield></datafield><datafield ind1=" " ind2="7" tag="072"><subfield code="a">st</subfield><subfield code="2">rero</subfield></datafield><datafield ind1="0" ind2="0" tag="082"><subfield code="a">552/.1</subfield><subfield code="2">19</subfield></datafield><datafield ind1="0" ind2="4" tag="082"><subfield code="a">552 .1</subfield><subfield code="2">19</subfield></datafield><datafield ind1="1" ind2="4" tag="082"><subfield code="a">552.1</subfield><subfield code="2">22</subfield></datafield><datafield ind1=" " ind2=" " tag="084"><subfield code="a">RB 10121</subfield><subfield code="2">rvk</subfield></datafield><datafield ind1="1" ind2=" " tag="100"><subfield code="6">880-01</subfield><subfield code="a">Hall, Anthony</subfield><subfield code="d">1938-....</subfield><subfield code="0">(IDREF)031668224</subfield><subfield code="4">cre</subfield></datafield><datafield ind1="1" ind2=" " tag="880"><subfield code="a">Hall, Anthony</subfield><subfield code="d">1938-</subfield><subfield code="0">(DE-588)1046881582</subfield><subfield code="6">100-01</subfield></datafield><datafield ind1="1" ind2="0" tag="245"><subfield code="a">Igneous petrology</subfield><subfield code="c">Anthony Hall</subfield></datafield><datafield ind1=" " ind2="1" tag="264"><subfield code="a">Harlow</subfield><subfield code="b">Longman</subfield><subfield code="c">1987</subfield></datafield><datafield ind1=" " ind2=" " tag="300"><subfield code="a">573 S.</subfield><subfield code="c">25 cm</subfield><subfield code="b">Ill., Karten</subfield></datafield><datafield ind1=" " ind2=" " tag="336"><subfield code="b">txt</subfield><subfield code="2">rdacontent</subfield></datafield><datafield ind1=" " ind2=" " tag="337"><subfield code="b">n</subfield><subfield code="2">rdamedia</subfield></datafield><datafield ind1=" " ind2=" " tag="338"><subfield code="b">nc</subfield><subfield code="2">rdacarrier</subfield></datafield><datafield ind1=" " ind2=" " tag="500"><subfield code="a">andere Ausgabe: Igneous petrology</subfield></datafield><datafield ind1=" " ind2="7" tag="650"><subfield code="a">Magmagestein</subfield><subfield code="v">0 Gesamtdarstellung</subfield><subfield code="2">idsbb</subfield></datafield><datafield ind1=" " ind2="7" tag="650"><subfield code="a">Pétrologie</subfield><subfield code="0">(IDREF)027282120</subfield><subfield code="2">idref</subfield></datafield><datafield ind1=" " ind2="7" tag="650"><subfield code="a">roche magmatique</subfield><subfield code="0">(RERO)A009994618</subfield><subfield code="2">rerovoc</subfield></datafield><datafield ind1=" " ind2="7" tag="650"><subfield code="a">Magmatisches Gestein</subfield><subfield code="0">(DE-588)4036974-2</subfield><subfield code="2">gnd</subfield></datafield><datafield ind1=" " ind2="0" tag="650"><subfield code="a">Igneous rocks</subfield></datafield><datafield ind1=" " ind2="0" tag="650"><subfield code="a">Jury</subfield><subfield code="z">England</subfield><subfield code="x">History</subfield><subfield code="x">Addresses, essays, lectures</subfield></datafield><datafield ind1=" " ind2="0" tag="650"><subfield code="a">Libel and slander</subfield><subfield code="z">England</subfield><subfield code="x">History</subfield><subfield code="x">Addresses, essays, lectures</subfield></datafield><datafield ind1=" " ind2="7" tag="650"><subfield code="a">MAGMATISCHE GESTEINE + ERUPTIVGESTEINE (PETROGRAPHIE)</subfield><subfield code="9">ger</subfield><subfield code="0">(ETHUDK)000020537</subfield><subfield code="2">ethudk</subfield></datafield><datafield ind1=" " ind2="7" tag="655"><subfield code="a">Manuels d'enseignement</subfield><subfield code="0">(IDREF)027446514</subfield><subfield code="2">idref</subfield></datafield><datafield ind1=" " ind2=" " tag="690"><subfield code="a">Magmatisches Gestein</subfield><subfield code="2">uzb-Z9</subfield></datafield><datafield ind1=" " ind2=" " tag="900"><subfield code="a">REROnoselfmerge</subfield></datafield></record>
</metadata></record>