<record><header><identifier>oai:alma.41SLSP_UGE:991000047339705502</identifier><datestamp>2024-03-14T01:43:22Z</datestamp><setSpec>uge_bcen_RapidILL_BOOK</setSpec><setSpec>uge_aaca_RapidILL_BOOK</setSpec><setSpec>uge_abels_RapidILL_BOOK</setSpec><setSpec>uge_dbu_RapidILL_BOOK</setSpec><setSpec>uge_cmu_RapidILL_BOOK</setSpec><setSpec>uge_mail_RapidILL_BOOK</setSpec><setSpec>uge_abbat_RapidILL_BOOK</setSpec><setSpec>UNIGE_ALL</setSpec><setSpec>uge_aobs_RapidILL_BOOK</setSpec><setSpec>uge_acar_RapidILL_BOOK</setSpec></header><metadata>
<record xmlns="http://www.loc.gov/MARC21/slim" xmlns:xsi="http://www.w3.org/2001/XMLSchema-instance" xsi:schemaLocation="http://www.loc.gov/MARC21/slim http://www.loc.gov/standards/marcxml/schema/MARC21slim.xsd"><leader>01170nam a2200241 c 4500</leader><controlfield tag="001">991000047339705502</controlfield><controlfield tag="005">20240313234454.0</controlfield><controlfield tag="008">000825s1837    gw ||||| |||| 00| ||ger d</controlfield><datafield ind1=" " ind2=" " tag="035"><subfield code="a">(swissbib)094591679-41slsp_network</subfield></datafield><datafield ind1=" " ind2=" " tag="035"><subfield code="a">094591679</subfield><subfield code="9">ExL</subfield></datafield><datafield ind1=" " ind2=" " tag="035"><subfield code="a">(RERO)R252761460-41slsp</subfield></datafield><datafield ind1=" " ind2=" " tag="035"><subfield code="a">(EXLNZ-41SLSP_NETWORK)991131721329705501</subfield></datafield><datafield ind1=" " ind2=" " tag="040"><subfield code="a">RERO gevbpu</subfield><subfield code="d">CH-ZuSLS</subfield></datafield><datafield ind1="0" ind2=" " tag="041"><subfield code="a">ger</subfield><subfield code="a">sam</subfield></datafield><datafield ind1=" " ind2="7" tag="072"><subfield code="a">th</subfield><subfield code="2">rero</subfield></datafield><datafield ind1="1" ind2=" " tag="100"><subfield code="a">Uhlemann, Friedrich Gottlob</subfield><subfield code="d">1792-1864</subfield><subfield code="0">(IDREF)069853096</subfield><subfield code="4">cre</subfield></datafield><datafield ind1="1" ind2="0" tag="245"><subfield code="a">Institutiones linguae samaritanae ex antiquissimis monumentis erutae et digestae, integris paradigmatum tabulis indicibusque adornatae</subfield><subfield code="b">quibus accedit Chrestomathia samaritana maximam geneseos partem et selecta reliquorum Pentateuchi librorum capita complectens</subfield><subfield code="c">notis criticis exegeticis illustrata et glossario locupletata a Friderico Uhlemanno</subfield></datafield><datafield ind1=" " ind2="1" tag="264"><subfield code="a">Lipsiae</subfield><subfield code="b">sumtibus et typis C. Tauchnitii</subfield><subfield code="c">1837</subfield></datafield><datafield ind1=" " ind2=" " tag="300"><subfield code="a">Pag. mult.</subfield><subfield code="c">23 cm</subfield></datafield><datafield ind1=" " ind2=" " tag="336"><subfield code="b">txt</subfield><subfield code="2">rdacontent</subfield></datafield><datafield ind1=" " ind2=" " tag="337"><subfield code="b">n</subfield><subfield code="2">rdamedia</subfield></datafield><datafield ind1=" " ind2=" " tag="338"><subfield code="b">nc</subfield><subfield code="2">rdacarrier</subfield></datafield><datafield ind1="1" ind2="2" tag="700"><subfield code="a">Uhlemann, Friedrich Gottlob</subfield><subfield code="t">Chrestomathia samaritana maximam geneseos partem et selecta reliquorum Pentateuchi librorum capita complectens</subfield></datafield><datafield ind1=" " ind2=" " tag="900"><subfield code="a">REROswissbibnomerge</subfield></datafield></record>
</metadata></record>