<record><header><identifier>oai:alma.41SLSP_UGE:991000048069705502</identifier><datestamp>2023-03-01T01:09:19Z</datestamp><setSpec>uge_bcen_RapidILL_BOOK</setSpec><setSpec>uge_aaca_RapidILL_BOOK</setSpec><setSpec>uge_abels_RapidILL_BOOK</setSpec><setSpec>uge_dbu_RapidILL_BOOK</setSpec><setSpec>uge_cmu_RapidILL_BOOK</setSpec><setSpec>uge_mail_RapidILL_BOOK</setSpec><setSpec>UNIGE_ALL</setSpec><setSpec>uge_abbat_RapidILL_BOOK</setSpec><setSpec>uge_aobs_RapidILL_BOOK</setSpec><setSpec>uge_acar_RapidILL_BOOK</setSpec></header><metadata>
<record xmlns="http://www.loc.gov/MARC21/slim" xmlns:xsi="http://www.w3.org/2001/XMLSchema-instance" xsi:schemaLocation="http://www.loc.gov/MARC21/slim http://www.loc.gov/standards/marcxml/schema/MARC21slim.xsd"><leader>00959naa a2200241 c 4500</leader><controlfield tag="001">991000048069705502</controlfield><controlfield tag="005">20201225191247.0</controlfield><controlfield tag="008">941118s1993    xxk||||| |||| 00| ||eng d</controlfield><datafield ind1=" " ind2=" " tag="035"><subfield code="a">(swissbib)089365364-41slsp_network</subfield></datafield><datafield ind1=" " ind2=" " tag="035"><subfield code="a">089365364</subfield><subfield code="9">ExL</subfield></datafield><datafield ind1=" " ind2=" " tag="035"><subfield code="a">(RERO)1938336-41slsp</subfield></datafield><datafield ind1=" " ind2=" " tag="035"><subfield code="a">(EXLNZ-41SLSP_NETWORK)991130965959705501</subfield></datafield><datafield ind1=" " ind2=" " tag="040"><subfield code="a">RERO geucmu</subfield><subfield code="d">CH-ZuSLS</subfield></datafield><datafield ind1=" " ind2="7" tag="072"><subfield code="a">me</subfield><subfield code="2">rero</subfield></datafield><datafield ind1="0" ind2="0" tag="245"><subfield code="a">RXR-dependent and RXR-independent transactivation by retinoic acid receptors</subfield><subfield code="c">Magdalena Schräder... [et al.]</subfield></datafield><datafield ind1=" " ind2=" " tag="336"><subfield code="b">txt</subfield><subfield code="2">rdacontent</subfield></datafield><datafield ind1=" " ind2=" " tag="337"><subfield code="b">n</subfield><subfield code="2">rdamedia</subfield></datafield><datafield ind1=" " ind2=" " tag="338"><subfield code="b">nc</subfield><subfield code="2">rdacarrier</subfield></datafield><datafield ind1=" " ind2=" " tag="508"><subfield code="a">Autre(s) auteur(s): Adrian Wyss, Laurie J. Sturzenbecker, Joseph F. Grippo, Peter LeMotte and Carsten Carlberg</subfield></datafield><datafield ind1=" " ind2=" " tag="580"><subfield code="a">In: Nucleic acids research. - London. - Vol. 21(1993), no 5, p. 1231-1237</subfield></datafield><datafield ind1="1" ind2=" " tag="700"><subfield code="a">Schräder, Magdalena</subfield><subfield code="0">(RERO)A003807412</subfield></datafield><datafield ind1="1" ind2=" " tag="700"><subfield code="a">Carlberg, Carsten</subfield><subfield code="0">(RERO)A003077303</subfield></datafield><datafield ind1="0" ind2=" " tag="773"><subfield code="t">Nucleic acids research : nar</subfield><subfield code="g">1993/1231</subfield><subfield code="g">yr:1993</subfield></datafield><datafield ind1=" " ind2=" " tag="900"><subfield code="a">REROnoselfmerge</subfield></datafield></record>
</metadata></record>