<record><header><identifier>oai:alma.41SLSP_UGE:991000047759705502</identifier><datestamp>2023-03-01T01:09:19Z</datestamp><setSpec>uge_bcen_RapidILL_BOOK</setSpec><setSpec>uge_aaca_RapidILL_BOOK</setSpec><setSpec>uge_abels_RapidILL_BOOK</setSpec><setSpec>uge_dbu_RapidILL_BOOK</setSpec><setSpec>uge_cmu_RapidILL_BOOK</setSpec><setSpec>uge_mail_RapidILL_BOOK</setSpec><setSpec>UNIGE_ALL</setSpec><setSpec>uge_abbat_RapidILL_BOOK</setSpec><setSpec>uge_aobs_RapidILL_BOOK</setSpec><setSpec>uge_acar_RapidILL_BOOK</setSpec></header><metadata>
<record xmlns="http://www.loc.gov/MARC21/slim" xmlns:xsi="http://www.w3.org/2001/XMLSchema-instance" xsi:schemaLocation="http://www.loc.gov/MARC21/slim http://www.loc.gov/standards/marcxml/schema/MARC21slim.xsd"><leader>02618nam a2200577 c 4500</leader><controlfield tag="001">991000047759705502</controlfield><controlfield tag="005">20201230225641.0</controlfield><controlfield tag="008">201011s2001    gw            00| | spa  </controlfield><datafield ind1=" " ind2=" " tag="015"><subfield code="a">GFR-DNB-02,A10,1397</subfield></datafield><datafield ind1=" " ind2=" " tag="020"><subfield code="a">3935004141</subfield><subfield code="c">Pp. : EUR 49.00</subfield></datafield><datafield ind1=" " ind2=" " tag="035"><subfield code="a">(swissbib)225272318-41slsp_network</subfield></datafield><datafield ind1=" " ind2=" " tag="035"><subfield code="a">225272318</subfield><subfield code="9">ExL</subfield></datafield><datafield ind1=" " ind2=" " tag="035"><subfield code="a">(IDSBB)002630256DSV01</subfield></datafield><datafield ind1=" " ind2=" " tag="035"><subfield code="a">(RERO)R003670161-41slsp</subfield></datafield><datafield ind1=" " ind2=" " tag="035"><subfield code="a">(NEBIS)004302311EBI01</subfield></datafield><datafield ind1=" " ind2=" " tag="035"><subfield code="a">(EXLNZ-41SLSP_NETWORK)991106085289705501</subfield></datafield><datafield ind1=" " ind2=" " tag="040"><subfield code="a">SzZuIDS BS/BE A100</subfield><subfield code="e">kids</subfield><subfield code="d">CH-ZuSLS</subfield></datafield><datafield ind1="1" ind2=" " tag="041"><subfield code="a">spa</subfield><subfield code="h">heb</subfield></datafield><datafield ind1=" " ind2="7" tag="072"><subfield code="a">es</subfield><subfield code="2">SzZuIDS BS/BE</subfield></datafield><datafield ind1=" " ind2="7" tag="072"><subfield code="a">es</subfield><subfield code="2">rero</subfield></datafield><datafield ind1="0" ind2="4" tag="082"><subfield code="a">223.2</subfield></datafield><datafield ind1=" " ind2=" " tag="084"><subfield code="a">IM 1270</subfield><subfield code="2">rvk</subfield></datafield><datafield ind1=" " ind2=" " tag="084"><subfield code="a">IO 2560</subfield><subfield code="2">rvk</subfield></datafield><datafield ind1=" " ind2=" " tag="084"><subfield code="a">IO 2843</subfield><subfield code="2">rvk</subfield></datafield><datafield ind1="1" ind2=" " tag="100"><subfield code="6">880-01</subfield><subfield code="a">Gómez Canseco, Luis</subfield><subfield code="d">1963-....</subfield><subfield code="0">(IDREF)029018986</subfield><subfield code="4">cre</subfield></datafield><datafield ind1="1" ind2=" " tag="880"><subfield code="a">Gómez Canseco, Luis</subfield><subfield code="d">1963-</subfield><subfield code="0">(DE-588)1057419699</subfield><subfield code="6">100-01</subfield></datafield><datafield ind1="1" ind2="0" tag="245"><subfield code="a">Arias Montano y el Cantar de los Cantares</subfield><subfield code="b">estudio y edición de la Paráfrasis en modo pastoril</subfield><subfield code="c">Luis Gómez Canseco, Valentín Núñez Rivera</subfield></datafield><datafield ind1=" " ind2="1" tag="264"><subfield code="a">Kassel</subfield><subfield code="b">Edition Reichenberger</subfield><subfield code="c">2001</subfield></datafield><datafield ind1=" " ind2=" " tag="300"><subfield code="a">XI, 284 p.</subfield><subfield code="c">24 cm</subfield></datafield><datafield ind1=" " ind2=" " tag="336"><subfield code="b">txt</subfield><subfield code="2">rdacontent</subfield></datafield><datafield ind1=" " ind2=" " tag="337"><subfield code="b">n</subfield><subfield code="2">rdamedia</subfield></datafield><datafield ind1=" " ind2=" " tag="338"><subfield code="b">nc</subfield><subfield code="2">rdacarrier</subfield></datafield><datafield ind1="1" ind2=" " tag="490"><subfield code="a">Teatro del Siglo de Oro. Ediciones críticas</subfield><subfield code="v">114</subfield></datafield><datafield ind1=" " ind2=" " tag="504"><subfield code="a">Literaturverz. S. 272 - 284</subfield></datafield><datafield ind1="0" ind2=" " tag="505"><subfield code="a">Paráfrasis sobre el &quot;Cantar de cantares de Salomón en modo pastoril&quot; / Benito Arias Montano</subfield></datafield><datafield ind1="1" ind2="7" tag="600"><subfield code="a">Arias Montano, Benito</subfield><subfield code="2">idszbz</subfield></datafield><datafield ind1="1" ind2="7" tag="600"><subfield code="a">Arias Montano, Benito</subfield><subfield code="d">1527-1598</subfield><subfield code="0">(DE-588)119049392</subfield><subfield code="2">gnd</subfield></datafield><datafield ind1="1" ind2="7" tag="600"><subfield code="a">Arias Montano, Benito</subfield><subfield code="d">1527-1598</subfield><subfield code="t">Paráfrasis sobre el Cantar de los Cantares de Salomon en tono pastoril</subfield><subfield code="0">(DE-588)4670672-0</subfield><subfield code="2">gnd</subfield></datafield><datafield ind1="1" ind2="0" tag="600"><subfield code="a">Arias Montano, Benito</subfield><subfield code="d">1527-1598</subfield><subfield code="t">Parafrasis del Cantar de cantares de Salomón</subfield></datafield><datafield ind1="0" ind2="7" tag="630"><subfield code="a">Hoheslied</subfield><subfield code="2">idszbz</subfield></datafield><datafield ind1="0" ind2="0" tag="630"><subfield code="a">Bible</subfield><subfield code="p">Song of Solomon</subfield></datafield><datafield ind1="0" ind2="0" tag="630"><subfield code="a">Biblia</subfield><subfield code="n">A.T</subfield><subfield code="p">Cançó de Solomon</subfield></datafield><datafield ind1="1" ind2=" " tag="700"><subfield code="a">Arias Montanus, Benedictus</subfield></datafield><datafield ind1="1" ind2="2" tag="700"><subfield code="a">Arias Montanus, Benedictus</subfield><subfield code="t">Paráfrasis sobre el &quot;Cantar de los cantares de Salomón&quot; en modo pastoril</subfield></datafield><datafield ind1="1" ind2="2" tag="700"><subfield code="a">Arias Montano, Benito</subfield><subfield code="d">1527-1598</subfield><subfield code="t">Paráfrasis sobre el Cantar de cantares de Salomón en modo pastoril</subfield></datafield><datafield ind1="1" ind2=" " tag="700"><subfield code="a">Arias Montano, Benito</subfield><subfield code="d">1527-1598</subfield><subfield code="0">(DE-588)119049392</subfield></datafield><datafield ind1="1" ind2=" " tag="700"><subfield code="a">Núñez Rivera, Valentín</subfield><subfield code="d">1967-</subfield><subfield code="0">(DE-588)142778702</subfield><subfield code="6">880-04</subfield></datafield><datafield ind1="1" ind2=" " tag="880"><subfield code="6">700-04</subfield><subfield code="a">Núñez Rivera, Valentín</subfield><subfield code="d">1967-....</subfield><subfield code="0">(IDREF)055762964</subfield></datafield><datafield ind1="0" ind2=" " tag="730"><subfield code="a">Bibel</subfield><subfield code="p">Hoheslied</subfield><subfield code="0">(DE-588)4072593-5</subfield></datafield><datafield ind1=" " ind2=" " tag="830"><subfield code="a">Teatro del siglo de oro</subfield><subfield code="p">Ediciones críticas</subfield><subfield code="v">114</subfield><subfield code="w">(RERO)0589051-41slsp</subfield></datafield><datafield ind1=" " ind2=" " tag="900"><subfield code="a">REROnoselfmerge</subfield></datafield><datafield ind1=" " ind2=" " tag="900"><subfield code="a">IDSZ2zbzmon200206f</subfield><subfield code="c">IDSZ2suse</subfield><subfield code="d">IDSZ2zbzswk200207b</subfield><subfield code="e">IDSZ2brua</subfield></datafield><datafield ind1=" " ind2=" " tag="993"><subfield code="a">BFLA 32536/114</subfield><subfield code="x">ge/ules/a/01/472</subfield><subfield code="9">LOCAL</subfield></datafield></record>
</metadata></record>