<record><header><identifier>oai:alma.41SLSP_UGE:991000047549705502</identifier><datestamp>2023-11-25T02:28:05Z</datestamp><setSpec>uge_cmu_RapidILL_JOURNAL</setSpec><setSpec>uge_aobs_RapidILL_JOURNAL</setSpec><setSpec>uge_aaca_RapidILL_JOURNAL</setSpec><setSpec>uge_abbat_RapidILL_JOURNAL</setSpec><setSpec>uge_bcen_RapidILL_JOURNAL</setSpec><setSpec>uge_mail_RapidILL_JOURNAL</setSpec><setSpec>uge_dbu_RapidILL_JOURNAL</setSpec><setSpec>uge_abels_RapidILL_JOURNAL</setSpec><setSpec>UNIGE_ALL</setSpec><setSpec>uge_acar_RapidILL_JOURNAL</setSpec></header><metadata>
<record xmlns="http://www.loc.gov/MARC21/slim" xmlns:xsi="http://www.w3.org/2001/XMLSchema-instance" xsi:schemaLocation="http://www.loc.gov/MARC21/slim http://www.loc.gov/standards/marcxml/schema/MARC21slim.xsd"><leader>01205nas a22003137c 4500</leader><controlfield tag="001">991000047549705502</controlfield><controlfield tag="005">20230327180627.0</controlfield><controlfield tag="008">020222c19999999lu || p|  ||| 0    0fre d</controlfield><datafield ind1=" " ind2=" " tag="035"><subfield code="a">(swissbib)097578789-41slsp_network</subfield></datafield><datafield ind1=" " ind2=" " tag="035"><subfield code="a">097578789</subfield><subfield code="9">ExL</subfield></datafield><datafield ind1=" " ind2=" " tag="035"><subfield code="a">(RERO)R003155839-41slsp</subfield></datafield><datafield ind1=" " ind2=" " tag="035"><subfield code="a">(ALEX)bv001336630</subfield></datafield><datafield ind1=" " ind2=" " tag="035"><subfield code="a">(EXLNZ-41SLSP_NETWORK)991049053579705501</subfield></datafield><datafield ind1=" " ind2=" " tag="040"><subfield code="a">RERO laisdc</subfield><subfield code="d">CH-ZuSLS</subfield></datafield><datafield ind1=" " ind2="7" tag="072"><subfield code="a">dr</subfield><subfield code="2">rero</subfield></datafield><datafield ind1=" " ind2="7" tag="072"><subfield code="a">go</subfield><subfield code="2">rero</subfield></datafield><datafield ind1=" " ind2=" " tag="084"><subfield code="a">FA 8.6 a</subfield><subfield code="2">cjurrom</subfield></datafield><datafield ind1=" " ind2=" " tag="084"><subfield code="a">FA 43 a</subfield><subfield code="2">cjurrom</subfield></datafield><datafield ind1="0" ind2="0" tag="245"><subfield code="a">Panorama des transports</subfield><subfield code="b">aperçu statistique des transports par route, chemin de fer, voies navigables et air dans l'Union européenne : données ... - ...</subfield><subfield code="c">Commission européenne</subfield></datafield><datafield ind1=" " ind2="1" tag="264"><subfield code="a">Luxembourg</subfield><subfield code="b">Office des publications officielles des Communautés européennes</subfield><subfield code="c">1999-</subfield></datafield><datafield ind1=" " ind2=" " tag="300"><subfield code="c">30 cm</subfield></datafield><datafield ind1=" " ind2=" " tag="336"><subfield code="b">txt</subfield><subfield code="2">rdacontent</subfield></datafield><datafield ind1=" " ind2=" " tag="337"><subfield code="b">n</subfield><subfield code="2">rdamedia</subfield></datafield><datafield ind1=" " ind2=" " tag="338"><subfield code="b">nc</subfield><subfield code="2">rdacarrier</subfield></datafield><datafield ind1="0" ind2=" " tag="362"><subfield code="a">1999-</subfield></datafield><datafield ind1="1" ind2=" " tag="490"><subfield code="a">Eurostat. Thème 7, Transports</subfield></datafield><datafield ind1="1" ind2=" " tag="490"><subfield code="a">Panorama de l'Union européenne</subfield></datafield><datafield ind1="2" ind2=" " tag="710"><subfield code="a">Union européenne</subfield><subfield code="b">Commission européenne</subfield><subfield code="0">(IDREF)027801411</subfield></datafield><datafield ind1=" " ind2=" " tag="830"><subfield code="a">Eurostat</subfield><subfield code="p">Thème 7, Services et transports</subfield><subfield code="w">(RERO)0728681-41slsp</subfield></datafield><datafield ind1=" " ind2=" " tag="830"><subfield code="a">Panorama de l'Union européenne</subfield><subfield code="w">(RERO)R003074646-41slsp</subfield></datafield><datafield ind1=" " ind2=" " tag="900"><subfield code="a">REROnoselfmerge</subfield></datafield></record>
</metadata></record>