<record><header><identifier>oai:alma.41SLSP_UGE:991000047229705502</identifier><datestamp>2024-04-11T00:20:47Z</datestamp><setSpec>uge_bcen_RapidILL_BOOK</setSpec><setSpec>uge_aaca_RapidILL_BOOK</setSpec><setSpec>uge_abels_RapidILL_BOOK</setSpec><setSpec>uge_dbu_RapidILL_BOOK</setSpec><setSpec>uge_cmu_RapidILL_BOOK</setSpec><setSpec>uge_mail_RapidILL_BOOK</setSpec><setSpec>uge_abbat_RapidILL_BOOK</setSpec><setSpec>UNIGE_ALL</setSpec><setSpec>uge_aobs_RapidILL_BOOK</setSpec><setSpec>uge_acar_RapidILL_BOOK</setSpec></header><metadata>
<record xmlns="http://www.loc.gov/MARC21/slim" xmlns:xsi="http://www.w3.org/2001/XMLSchema-instance" xsi:schemaLocation="http://www.loc.gov/MARC21/slim http://www.loc.gov/standards/marcxml/schema/MARC21slim.xsd"><leader>04848nam a22008412c 4500</leader><controlfield tag="001">991000047229705502</controlfield><controlfield tag="005">20240410143305.0</controlfield><controlfield tag="008">201012s2014    xxk||||| |||| 00| ||eng d</controlfield><datafield ind1=" " ind2=" " tag="015"><subfield code="a">GBB390429</subfield><subfield code="2">bnb</subfield></datafield><datafield ind1=" " ind2=" " tag="019"><subfield code="a">Notice analytique</subfield><subfield code="5">RERO/geubfd/07.2014</subfield></datafield><datafield ind1=" " ind2=" " tag="020"><subfield code="a">9781783478897</subfield><subfield code="c">pbk.</subfield></datafield><datafield ind1=" " ind2=" " tag="020"><subfield code="a">9781781007334</subfield><subfield code="q">hardback</subfield><subfield code="c">ca £ 145.-</subfield></datafield><datafield ind1=" " ind2=" " tag="020"><subfield code="a">9781781007341</subfield><subfield code="q">online</subfield></datafield><datafield ind1=" " ind2=" " tag="035"><subfield code="a">(swissbib)238063402-41slsp_network</subfield></datafield><datafield ind1=" " ind2=" " tag="035"><subfield code="a">238063402</subfield><subfield code="9">ExL</subfield></datafield><datafield ind1=" " ind2=" " tag="035"><subfield code="a">(RERO)R007616522-41slsp</subfield></datafield><datafield ind1=" " ind2=" " tag="035"><subfield code="a">(NEBIS)010137447EBI01</subfield></datafield><datafield ind1=" " ind2=" " tag="035"><subfield code="a">(IDSBB)006257361DSV01</subfield></datafield><datafield ind1=" " ind2=" " tag="035"><subfield code="a">(IDSLU)001134629ILU01</subfield></datafield><datafield ind1=" " ind2=" " tag="035"><subfield code="a">(IDSSG)000598930HSB01</subfield></datafield><datafield ind1=" " ind2=" " tag="035"><subfield code="a">(EXLNZ-41SLSP_NETWORK)991134003949705501</subfield></datafield><datafield ind1=" " ind2=" " tag="040"><subfield code="a">DLC</subfield><subfield code="d">CH-ZuSLS</subfield></datafield><datafield ind1=" " ind2="7" tag="072"><subfield code="a">dr</subfield><subfield code="2">rero</subfield></datafield><datafield ind1=" " ind2="7" tag="072"><subfield code="a">rw</subfield><subfield code="2">SzZuIDS BS/BE</subfield></datafield><datafield ind1=" " ind2="7" tag="072"><subfield code="a">kh</subfield><subfield code="2">SzZuIDS BS/BE</subfield></datafield><datafield ind1=" " ind2="7" tag="072"><subfield code="a">811</subfield><subfield code="2">IDS LU</subfield></datafield><datafield ind1="0" ind2="4" tag="082"><subfield code="a">344.094</subfield><subfield code="2">23</subfield></datafield><datafield ind1="1" ind2="4" tag="082"><subfield code="a">340</subfield><subfield code="2">15</subfield></datafield><datafield ind1=" " ind2=" " tag="084"><subfield code="a">D 37.1 g</subfield><subfield code="2">cjurrom</subfield></datafield><datafield ind1=" " ind2=" " tag="084"><subfield code="a">D 26 g</subfield><subfield code="2">cjurrom</subfield></datafield><datafield ind1=" " ind2=" " tag="084"><subfield code="a">A 61.1 g</subfield><subfield code="2">cjurrom</subfield></datafield><datafield ind1="0" ind2="0" tag="245"><subfield code="a">Handbook on the law of cultural heritage and international trade</subfield><subfield code="c">edited by James A.R. Nafziger, Robert Kirkwood Paterson</subfield></datafield><datafield ind1=" " ind2="1" tag="264"><subfield code="a">Cheltenham</subfield><subfield code="b">Edward Elgar</subfield><subfield code="c">2014</subfield></datafield><datafield ind1=" " ind2=" " tag="300"><subfield code="a">650 S.</subfield><subfield code="c">25 cm</subfield></datafield><datafield ind1=" " ind2=" " tag="336"><subfield code="b">txt</subfield><subfield code="2">rdacontent</subfield></datafield><datafield ind1=" " ind2=" " tag="337"><subfield code="b">n</subfield><subfield code="2">rdamedia</subfield></datafield><datafield ind1=" " ind2=" " tag="338"><subfield code="b">nc</subfield><subfield code="2">rdacarrier</subfield></datafield><datafield ind1="0" ind2=" " tag="490"><subfield code="a">Research handbooks in international law</subfield></datafield><datafield ind1="0" ind2=" " tag="490"><subfield code="a">Research handbooks on globalisation and the law</subfield></datafield><datafield ind1="2" ind2="7" tag="611"><subfield code="a">Convention concernant les mesures à prendre pour interdire et empêcher l'importation, l'exportation et le transfert de propriété illicites des biens culturels</subfield><subfield code="d">1970</subfield><subfield code="0">(RERO)A024584559</subfield><subfield code="2">rero</subfield></datafield><datafield ind1=" " ind2="7" tag="650"><subfield code="a">Commerce international</subfield><subfield code="0">(IDREF)028359380</subfield><subfield code="2">idref</subfield></datafield><datafield ind1=" " ind2="7" tag="650"><subfield code="a">Patrimoine culturel</subfield><subfield code="0">(IDREF)027797856</subfield><subfield code="2">idref</subfield></datafield><datafield ind1=" " ind2="7" tag="650"><subfield code="a">Patrimoine culturel</subfield><subfield code="x">Restitution</subfield><subfield code="0">(IDREF)077064909</subfield><subfield code="2">idref</subfield></datafield><datafield ind1=" " ind2="7" tag="650"><subfield code="a">Droit international et droit interne</subfield><subfield code="0">(IDREF)02774163X</subfield><subfield code="2">idref</subfield></datafield><datafield ind1=" " ind2="7" tag="650"><subfield code="a">Droit comparé</subfield><subfield code="0">(IDREF)027741451</subfield><subfield code="2">idref</subfield></datafield><datafield ind1=" " ind2="7" tag="650"><subfield code="a">Kulturgut</subfield><subfield code="0">(DE-588)4139819-1</subfield><subfield code="2">gnd</subfield></datafield><datafield ind1=" " ind2="7" tag="650"><subfield code="a">Internationales Recht</subfield><subfield code="0">(DE-588)4027447-0</subfield><subfield code="2">gnd</subfield></datafield><datafield ind1=" " ind2="7" tag="650"><subfield code="a">Außenhandel</subfield><subfield code="0">(DE-588)4003832-4</subfield><subfield code="2">gnd</subfield></datafield><datafield ind1=" " ind2="7" tag="650"><subfield code="a">Internationaler Vergleich</subfield><subfield code="0">(DE-588)4120509-1</subfield><subfield code="2">gnd</subfield></datafield><datafield ind1=" " ind2="0" tag="650"><subfield code="a">Cultural property</subfield><subfield code="x">Protection (International law)</subfield></datafield><datafield ind1=" " ind2="0" tag="650"><subfield code="a">Foreign trade regulation</subfield></datafield><datafield ind1=" " ind2="7" tag="650"><subfield code="a">Rechtsvergleich</subfield><subfield code="0">(DE-588)4115712-6</subfield><subfield code="2">gnd</subfield></datafield><datafield ind1=" " ind2="7" tag="650"><subfield code="a">Welthandel</subfield><subfield code="0">(DE-588)4065365-1</subfield><subfield code="2">gnd</subfield></datafield><datafield ind1=" " ind2="7" tag="650"><subfield code="a">Weltkulturerbe</subfield><subfield code="0">(DE-588)4402277-3</subfield><subfield code="2">gnd</subfield></datafield><datafield ind1=" " ind2="7" tag="650"><subfield code="a">Kulturerbe</subfield><subfield code="0">(DE-588)4033560-4</subfield><subfield code="2">gnd</subfield></datafield><datafield ind1=" " ind2="7" tag="650"><subfield code="a">Kulturgüterschutz</subfield><subfield code="0">(DE-588)4165975-2</subfield><subfield code="2">gnd</subfield></datafield><datafield ind1=" " ind2="7" tag="650"><subfield code="a">Internationales Handelsrecht</subfield><subfield code="0">(DE-588)4027429-9</subfield><subfield code="2">gnd</subfield></datafield><datafield ind1=" " ind2="7" tag="650"><subfield code="a">Völkerrecht</subfield><subfield code="0">(DE-588)4063693-8</subfield><subfield code="2">gnd</subfield></datafield><datafield ind1=" " ind2="7" tag="655"><subfield code="a">[Études diverses]</subfield><subfield code="0">(RERO)A022249905</subfield><subfield code="2">rero</subfield></datafield><datafield ind1=" " ind2="7" tag="655"><subfield code="a">Aufsatzsammlung</subfield><subfield code="2">gnd-content</subfield></datafield><datafield ind1=" " ind2=" " tag="690"><subfield code="a">Kulturgut; Außenhandel; Handbuch; Kulturerbe; Chamberlain; Königreich; Schweiz; Ana; British; Craig; Davies; Law; Anatomie; College; Columbia; Elgar; Hochschule; Rechtswissenschaft; Gesetz; Globalisierung; Kontrolle; Menschenrechte</subfield><subfield code="2">idssg-J</subfield></datafield><datafield ind1=" " ind2=" " tag="690"><subfield code="a">ausländische Herkunft; auswärtige Kultur; internationales Fach; internationaler Handel; juristische Fakultät; kulturelles Erbe; pluralistischer Ansatz; vereinigtes Königreich</subfield><subfield code="2">idssg-J</subfield></datafield><datafield ind1=" " ind2=" " tag="690"><subfield code="a">Vereinigte Staaten C1USA; Kanada C1CANA; Mexiko C1MEX; Australien C8AUST; China C9CHIN; Frankreich C4EUFR; Deutschland C4EUGE; Griechenland C4EUGR; Irland C4EUIR; Israel C7ISRA; Italien C4EUIT; Japan C9JAPA; Neuseeland C8NEWZ; Schweiz C4EXSI; Südafrika C6SOUT; Schweden C4EUSW; Großbritannien C4EUUK</subfield><subfield code="2">idssg-J</subfield></datafield><datafield ind1=" " ind2=" " tag="690"><subfield code="a">Ana Vrdoljak; Anbieter Danksagung Vorwort; auswärtig Kultur Kontrolle; Beat Schdnenberger; British Columbia Kanada; Craig Forrest; Edward Elgar; Elina Moustaira; Ernesto Becerril; Francesca Fiorentini; Israel Talia Einhorn; James Ding; James Nafziger; Janet Blake; Kevin Chamberlain; Kristin Häusler; Kurt Siehr; Manlio Frigo; Marc Andre Renold; Margaret Beukes; Marie Cornu; Nafziger Willamette University College; Neuseeland Piers Davies; Patricia Conlan; Paul Myburgh; Pole Andrzej Jakubowski; Robert Kirkwood Paterson; Robert Kirkwood Paterson Juristischen Fakultät; Shigeru Kozai; Thomas Adlercreutz; Toshiyuki Kono</subfield><subfield code="2">idssg-J</subfield></datafield><datafield ind1=" " ind2=" " tag="691"><subfield code="e">PD 26</subfield><subfield code="2">rzs-L1</subfield></datafield><datafield ind1=" " ind2=" " tag="691"><subfield code="e">PD 37</subfield><subfield code="2">rzs-L1</subfield></datafield><datafield ind1="1" ind2=" " tag="700"><subfield code="a">Paterson, Robert K.</subfield><subfield code="d">1946-....</subfield><subfield code="0">(IDREF)146464079</subfield></datafield><datafield ind1="1" ind2=" " tag="700"><subfield code="a">Nafziger, James A. R.</subfield><subfield code="d">1940-</subfield><subfield code="0">(DE-588)139250484</subfield><subfield code="6">880-03</subfield></datafield><datafield ind1="1" ind2=" " tag="880"><subfield code="a">Nafziger, James A. R</subfield><subfield code="0">(RERO)A027572371</subfield><subfield code="6">700-03</subfield></datafield><datafield ind1="4" ind2=" " tag="856"><subfield code="3">Titelblatt und Inhaltsverzeichnis</subfield><subfield code="u">https://toc.library.ethz.ch/objects/pdf03/z16_978-1-78100-733-4_01.pdf</subfield><subfield code="q">pdf</subfield></datafield><datafield ind1=" " ind2=" " tag="900"><subfield code="a">REROnoselfmerge</subfield></datafield><datafield ind1=" " ind2=" " tag="900"><subfield code="a">IDSZ2rwimon201406f</subfield><subfield code="c">IDSZ2buche 140616</subfield><subfield code="d">IDSZ2rwiswk201407b</subfield><subfield code="e">IDSZ2sust</subfield></datafield><datafield ind1=" " ind2=" " tag="910"><subfield code="a">LOC</subfield><subfield code="b">20140128</subfield><subfield code="c">Droits réservés</subfield></datafield><datafield ind1=" " ind2=" " tag="949"><subfield code="a">https://toc.library.ethz.ch/objects/pdf03/z16_978-1-78100-733-4_01.pdf</subfield></datafield></record>
</metadata></record>