<record><header><identifier>oai:alma.41SLSP_UGE:991000048189705502</identifier><datestamp>2023-04-09T00:58:06Z</datestamp><setSpec>uge_bcen_RapidILL_BOOK</setSpec><setSpec>uge_aaca_RapidILL_BOOK</setSpec><setSpec>uge_abels_RapidILL_BOOK</setSpec><setSpec>uge_dbu_RapidILL_BOOK</setSpec><setSpec>uge_cmu_RapidILL_BOOK</setSpec><setSpec>uge_mail_RapidILL_BOOK</setSpec><setSpec>uge_abbat_RapidILL_BOOK</setSpec><setSpec>UNIGE_ALL</setSpec><setSpec>uge_aobs_RapidILL_BOOK</setSpec><setSpec>uge_acar_RapidILL_BOOK</setSpec></header><metadata>
<record xmlns="http://www.loc.gov/MARC21/slim" xmlns:xsi="http://www.w3.org/2001/XMLSchema-instance" xsi:schemaLocation="http://www.loc.gov/MARC21/slim http://www.loc.gov/standards/marcxml/schema/MARC21slim.xsd"><leader>01210nam a2200337 c 4500</leader><controlfield tag="001">991000048189705502</controlfield><controlfield tag="005">20230408212732.0</controlfield><controlfield tag="008">201011s1979    it ||||| |||| 00| ||ita d</controlfield><datafield ind1=" " ind2=" " tag="019"><subfield code="a">RekatMedea: UROSE Verknüpfung zur Serie fehlt</subfield><subfield code="5">NEBIS/09.05.2005 Medea</subfield></datafield><datafield ind1=" " ind2=" " tag="035"><subfield code="a">(swissbib)217162401-41slsp_network</subfield></datafield><datafield ind1=" " ind2=" " tag="035"><subfield code="a">217162401</subfield><subfield code="9">ExL</subfield></datafield><datafield ind1=" " ind2=" " tag="035"><subfield code="a">(RERO)R003537716-41slsp</subfield></datafield><datafield ind1=" " ind2=" " tag="035"><subfield code="a">(NEBIS)008839634EBI01</subfield></datafield><datafield ind1=" " ind2=" " tag="035"><subfield code="a">(EXLNZ-41SLSP_NETWORK)991090621289705501</subfield></datafield><datafield ind1=" " ind2=" " tag="040"><subfield code="a">RERO geulph</subfield><subfield code="d">CH-ZuSLS</subfield></datafield><datafield ind1=" " ind2="7" tag="072"><subfield code="a">ph</subfield><subfield code="2">rero</subfield></datafield><datafield ind1="0" ind2="0" tag="245"><subfield code="a">Individui e mondi possibili</subfield><subfield code="b">problemi di semantica modale</subfield><subfield code="c">R. Barcan Marcus... [et al.] ; a cura di Daniela Silvestrini</subfield></datafield><datafield ind1=" " ind2="1" tag="264"><subfield code="a">Milano</subfield><subfield code="b">Feltrinelli</subfield><subfield code="c">1979</subfield></datafield><datafield ind1=" " ind2=" " tag="300"><subfield code="a">275 p.</subfield><subfield code="c">21 cm</subfield></datafield><datafield ind1=" " ind2=" " tag="336"><subfield code="b">txt</subfield><subfield code="2">rdacontent</subfield></datafield><datafield ind1=" " ind2=" " tag="337"><subfield code="b">n</subfield><subfield code="2">rdamedia</subfield></datafield><datafield ind1=" " ind2=" " tag="338"><subfield code="b">nc</subfield><subfield code="2">rdacarrier</subfield></datafield><datafield ind1="1" ind2=" " tag="490"><subfield code="a">SC/10 Readings</subfield><subfield code="v">14</subfield></datafield><datafield ind1="0" ind2=" " tag="490"><subfield code="a">SC / 10 Readings</subfield><subfield code="v">14</subfield></datafield><datafield ind1=" " ind2="7" tag="650"><subfield code="a">Mondes possibles</subfield><subfield code="0">(IDREF)030122902</subfield><subfield code="2">idref</subfield></datafield><datafield ind1=" " ind2=" " tag="690"><subfield code="a">Semantik</subfield><subfield code="2">uzb-VH</subfield></datafield><datafield ind1="1" ind2=" " tag="700"><subfield code="a">Barcan Marcus, Ruth</subfield><subfield code="0">(DE-588)186483317</subfield></datafield><datafield ind1="1" ind2=" " tag="700"><subfield code="a">Marcus, Ruth Barcan</subfield><subfield code="0">(RERO)A003560731</subfield></datafield><datafield ind1="1" ind2=" " tag="700"><subfield code="a">Silvestrini, Daniela</subfield><subfield code="0">(RERO)A009422174</subfield></datafield><datafield ind1=" " ind2=" " tag="830"><subfield code="a">SC/10 Readings</subfield><subfield code="v">14</subfield><subfield code="w">(RERO)0567780-41slsp</subfield></datafield><datafield ind1=" " ind2=" " tag="900"><subfield code="a">REROnoselfmerge</subfield></datafield><datafield ind1=" " ind2=" " tag="900"><subfield code="a">IDSU2remark</subfield><subfield code="f">IDSU2medea</subfield></datafield></record>
</metadata></record>