<record><header><identifier>oai:alma.41SLSP_UGE:991000047459705502</identifier><datestamp>2023-04-08T00:14:45Z</datestamp><setSpec>uge_bcen_RapidILL_BOOK</setSpec><setSpec>uge_aaca_RapidILL_BOOK</setSpec><setSpec>uge_abels_RapidILL_BOOK</setSpec><setSpec>uge_dbu_RapidILL_BOOK</setSpec><setSpec>uge_cmu_RapidILL_BOOK</setSpec><setSpec>uge_mail_RapidILL_BOOK</setSpec><setSpec>uge_abbat_RapidILL_BOOK</setSpec><setSpec>UNIGE_ALL</setSpec><setSpec>uge_acar_RapidILL_BOOK</setSpec><setSpec>uge_aobs_RapidILL_BOOK</setSpec></header><metadata>
<record xmlns="http://www.loc.gov/MARC21/slim" xmlns:xsi="http://www.w3.org/2001/XMLSchema-instance" xsi:schemaLocation="http://www.loc.gov/MARC21/slim http://www.loc.gov/standards/marcxml/schema/MARC21slim.xsd"><leader>01796nam a2200397 c 4500</leader><controlfield tag="001">991000047459705502</controlfield><controlfield tag="005">20230407145505.0</controlfield><controlfield tag="008">201012s2007    xxk||||| |||| 00| ||eng d</controlfield><datafield ind1=" " ind2=" " tag="020"><subfield code="a">9780080445298</subfield></datafield><datafield ind1=" " ind2=" " tag="020"><subfield code="a">9780080531359</subfield><subfield code="q">ebook</subfield></datafield><datafield ind1="7" ind2=" " tag="024"><subfield code="a">http://catalogue.bnf.fr/ark:/12148/cb44627839d</subfield><subfield code="2">uri</subfield></datafield><datafield ind1=" " ind2=" " tag="035"><subfield code="a">(swissbib)239217292-41slsp_network</subfield></datafield><datafield ind1=" " ind2=" " tag="035"><subfield code="a">239217292</subfield><subfield code="9">ExL</subfield></datafield><datafield ind1=" " ind2=" " tag="035"><subfield code="a">(RERO)R004656292-41slsp</subfield></datafield><datafield ind1=" " ind2=" " tag="035"><subfield code="a">(NEBIS)005137791EBI01</subfield></datafield><datafield ind1=" " ind2=" " tag="035"><subfield code="a">(EXLNZ-41SLSP_NETWORK)991106710989705501</subfield></datafield><datafield ind1=" " ind2=" " tag="040"><subfield code="a">SzZuIDS NEBIS ETH-BIB</subfield><subfield code="d">CH-ZuSLS</subfield></datafield><datafield ind1=" " ind2="7" tag="072"><subfield code="a">st</subfield><subfield code="2">rero</subfield></datafield><datafield ind1="1" ind2=" " tag="100"><subfield code="a">Dinçer, Ibrahim</subfield><subfield code="d">1964-....</subfield><subfield code="0">(IDREF)057777179</subfield><subfield code="4">cre</subfield></datafield><datafield ind1="1" ind2="0" tag="245"><subfield code="a">Exergy</subfield><subfield code="b">energy, environment and sustainable development</subfield><subfield code="c">Ibrahim Dincer, Marc A. Rosen</subfield></datafield><datafield ind1=" " ind2="1" tag="264"><subfield code="a">Oxford</subfield><subfield code="b">Elsevier</subfield><subfield code="c">2007</subfield></datafield><datafield ind1=" " ind2=" " tag="300"><subfield code="a">454 p.</subfield><subfield code="b">ill.</subfield></datafield><datafield ind1=" " ind2=" " tag="336"><subfield code="b">txt</subfield><subfield code="2">rdacontent</subfield></datafield><datafield ind1=" " ind2=" " tag="337"><subfield code="b">n</subfield><subfield code="2">rdamedia</subfield></datafield><datafield ind1=" " ind2=" " tag="338"><subfield code="b">nc</subfield><subfield code="2">rdacarrier</subfield></datafield><datafield ind1=" " ind2="7" tag="650"><subfield code="a">Conservation de l'énergie</subfield><subfield code="0">(IDREF)027710394</subfield><subfield code="2">idref</subfield></datafield><datafield ind1=" " ind2="7" tag="650"><subfield code="a">ANGEPASSTE TECHNOLOGIEN + NACHHALTIGE TECHNOLOGIEN</subfield><subfield code="9">ger</subfield><subfield code="0">(ETHUDK)000051883</subfield><subfield code="2">ethudk</subfield></datafield><datafield ind1=" " ind2="7" tag="650"><subfield code="a">ENERGIEBILANZ (ENERGIETECHNIK)</subfield><subfield code="9">ger</subfield><subfield code="0">(ETHUDK)000044473</subfield><subfield code="2">ethudk</subfield></datafield><datafield ind1=" " ind2="7" tag="650"><subfield code="a">ENERGIEFORMEN + ENTHALPIE + EXERGIE (THERMODYNAMIK)</subfield><subfield code="9">ger</subfield><subfield code="0">(ETHUDK)000015032</subfield><subfield code="2">ethudk</subfield></datafield><datafield ind1=" " ind2="7" tag="650"><subfield code="a">ENTROPIE, IRREVERSIBLE PROZESSE (THERMODYNAMIK)</subfield><subfield code="9">ger</subfield><subfield code="0">(ETHUDK)000015035</subfield><subfield code="2">ethudk</subfield></datafield><datafield ind1=" " ind2="7" tag="650"><subfield code="a">KREISPROZESSE + PHASENDIAGRAMME (THERMODYNAMIK)</subfield><subfield code="9">ger</subfield><subfield code="0">(ETHUDK)000015029</subfield><subfield code="2">ethudk</subfield></datafield><datafield ind1=" " ind2="7" tag="650"><subfield code="a">THERMODYNAMIK</subfield><subfield code="9">ger</subfield><subfield code="0">(ETHUDK)000015022</subfield><subfield code="2">ethudk</subfield></datafield><datafield ind1=" " ind2="7" tag="650"><subfield code="a">UMWANDLUNGSWÄRME (WÄRMELEHRE)</subfield><subfield code="9">ger</subfield><subfield code="0">(ETHUDK)000015019</subfield><subfield code="2">ethudk</subfield></datafield><datafield ind1="1" ind2=" " tag="700"><subfield code="a">Dincer, Ibrahim</subfield><subfield code="d">1964-</subfield><subfield code="0">(DE-588)1042589615</subfield></datafield><datafield ind1="1" ind2=" " tag="700"><subfield code="a">Rosen, Marc A</subfield><subfield code="0">(RERO)A013836966</subfield></datafield><datafield ind1="4" ind2=" " tag="856"><subfield code="3">Abstract / Autoreninformation</subfield><subfield code="u">https://toc.library.ethz.ch/objects/pdf/000193987_e01_9780080445298_02.pdf</subfield><subfield code="q">pdf</subfield></datafield><datafield ind1=" " ind2=" " tag="900"><subfield code="a">REROnoselfmerge</subfield></datafield></record>
</metadata></record>