<record><header><identifier>oai:alma.41SLSP_UGE:991000048079705502</identifier><datestamp>2023-03-25T01:17:49Z</datestamp><setSpec>uge_bcen_RapidILL_BOOK</setSpec><setSpec>uge_aaca_RapidILL_BOOK</setSpec><setSpec>uge_abels_RapidILL_BOOK</setSpec><setSpec>uge_dbu_RapidILL_BOOK</setSpec><setSpec>uge_cmu_RapidILL_BOOK</setSpec><setSpec>uge_mail_RapidILL_BOOK</setSpec><setSpec>uge_abbat_RapidILL_BOOK</setSpec><setSpec>UNIGE_ALL</setSpec><setSpec>uge_acar_RapidILL_BOOK</setSpec><setSpec>uge_aobs_RapidILL_BOOK</setSpec></header><metadata>
<record xmlns="http://www.loc.gov/MARC21/slim" xmlns:xsi="http://www.w3.org/2001/XMLSchema-instance" xsi:schemaLocation="http://www.loc.gov/MARC21/slim http://www.loc.gov/standards/marcxml/schema/MARC21slim.xsd"><leader>03620nam a2200889uc 4500</leader><controlfield tag="001">991000048079705502</controlfield><controlfield tag="005">20230324210708.0</controlfield><controlfield tag="008">201012t19871987fr     |      00| ||fre|d</controlfield><datafield ind1=" " ind2=" " tag="019"><subfield code="a">!!!!!!! Notice analytique chaînée !!!!!</subfield><subfield code="5">RERO/12.01.1988/eb</subfield></datafield><datafield ind1=" " ind2=" " tag="020"><subfield code="a">2020098008</subfield></datafield><datafield ind1="7" ind2=" " tag="024"><subfield code="a">http://catalogue.bnf.fr/ark:/12148/cb34976138b</subfield><subfield code="2">uri</subfield></datafield><datafield ind1=" " ind2=" " tag="035"><subfield code="a">(swissbib)239863178-41slsp_network</subfield></datafield><datafield ind1=" " ind2=" " tag="035"><subfield code="a">239863178</subfield><subfield code="9">ExL</subfield></datafield><datafield ind1=" " ind2=" " tag="035"><subfield code="a">(NEBIS)001087321EBI01</subfield></datafield><datafield ind1=" " ind2=" " tag="035"><subfield code="a">(IDSLU)000145396ILU01</subfield></datafield><datafield ind1=" " ind2=" " tag="035"><subfield code="a">(RERO)0916744-41slsp</subfield></datafield><datafield ind1=" " ind2=" " tag="035"><subfield code="a">(IDSBB)000368170DSV01</subfield></datafield><datafield ind1=" " ind2=" " tag="035"><subfield code="a">(EXLNZ-41SLSP_NETWORK)991108439059705501</subfield></datafield><datafield ind1=" " ind2=" " tag="040"><subfield code="a">ZBZ</subfield><subfield code="b">ger</subfield><subfield code="e">ETHICS-ISBD</subfield><subfield code="d">CH-ZuSLS</subfield></datafield><datafield ind1=" " ind2="7" tag="072"><subfield code="a">780</subfield><subfield code="2">IDS LU</subfield></datafield><datafield ind1=" " ind2="7" tag="072"><subfield code="a">et</subfield><subfield code="2">rero</subfield></datafield><datafield ind1=" " ind2="7" tag="072"><subfield code="a">th</subfield><subfield code="2">SzZuIDS BS/BE</subfield></datafield><datafield ind1=" " ind2="7" tag="072"><subfield code="a">et</subfield><subfield code="2">SzZuIDS BS/BE</subfield></datafield><datafield ind1="0" ind2="0" tag="082"><subfield code="a">266/.272/08997</subfield><subfield code="2">20</subfield></datafield><datafield ind1="0" ind2="4" tag="082"><subfield code="a">271.3072</subfield></datafield><datafield ind1="1" ind2="4" tag="082"><subfield code="a">972.8</subfield><subfield code="2">9a</subfield></datafield><datafield ind1=" " ind2=" " tag="084"><subfield code="a">NN 1698</subfield><subfield code="2">rvk</subfield></datafield><datafield ind1=" " ind2=" " tag="084"><subfield code="a">NN 1710</subfield><subfield code="2">rvk</subfield></datafield><datafield ind1=" " ind2=" " tag="084"><subfield code="a">NN 3940</subfield><subfield code="2">rvk</subfield></datafield><datafield ind1="1" ind2=" " tag="100"><subfield code="a">Duverger, Christian</subfield><subfield code="d">1948-</subfield><subfield code="0">(DE-588)1033453730</subfield><subfield code="6">880-01</subfield></datafield><datafield ind1="1" ind2=" " tag="880"><subfield code="6">100-01</subfield><subfield code="a">Duverger, Christian</subfield><subfield code="d">1948-....</subfield><subfield code="0">(IDREF)034720391</subfield><subfield code="4">cre</subfield></datafield><datafield ind1="1" ind2="0" tag="245"><subfield code="a">&lt;&lt;La&gt;&gt; conversion des Indiens de Nouvelle-Espagne</subfield><subfield code="b">avec le texte des Colloques des douze de Bernardino de Sahagún (1564)</subfield><subfield code="c">Christian Duverger</subfield></datafield><datafield ind1=" " ind2="1" tag="264"><subfield code="a">Paris</subfield><subfield code="b">Editions du Seuil</subfield><subfield code="c">1987</subfield></datafield><datafield ind1=" " ind2="4" tag="264"><subfield code="c">© 1987</subfield></datafield><datafield ind1=" " ind2=" " tag="300"><subfield code="a">277 S.</subfield><subfield code="b">Kart.</subfield><subfield code="c">21 cm</subfield></datafield><datafield ind1=" " ind2=" " tag="336"><subfield code="b">txt</subfield><subfield code="2">rdacontent</subfield></datafield><datafield ind1=" " ind2=" " tag="337"><subfield code="b">n</subfield><subfield code="2">rdamedia</subfield></datafield><datafield ind1=" " ind2=" " tag="338"><subfield code="b">nc</subfield><subfield code="2">rdacarrier</subfield></datafield><datafield ind1=" " ind2=" " tag="504"><subfield code="a">Literaturverz.</subfield></datafield><datafield ind1=" " ind2=" " tag="504"><subfield code="a">Bibliogr.: p. 269-278</subfield></datafield><datafield ind1="4" ind2=" " tag="510"><subfield code="a">L'homme (Paris) ; (1989) vol. 29(2) = No 110, p. 161-164 (Dominique Fournier)</subfield></datafield><datafield ind1="2" ind2="0" tag="610"><subfield code="a">Catholic Church</subfield><subfield code="z">Mexico</subfield><subfield code="x">History</subfield><subfield code="y">16th century</subfield></datafield><datafield ind1="2" ind2="0" tag="610"><subfield code="a">Franciscans</subfield><subfield code="x">Missions</subfield><subfield code="z">Mexico</subfield></datafield><datafield ind1="2" ind2="7" tag="610"><subfield code="a">Franziskaner</subfield><subfield code="0">(DE-588)1008636-5</subfield><subfield code="2">gnd</subfield></datafield><datafield ind1="2" ind2="7" tag="610"><subfield code="a">Katholische Kirche</subfield><subfield code="0">(DE-588)2009545-4</subfield><subfield code="2">gnd</subfield></datafield><datafield ind1=" " ind2="7" tag="648"><subfield code="a">Geschichte 1521-1572</subfield><subfield code="2">gnd</subfield></datafield><datafield ind1=" " ind2="7" tag="650"><subfield code="a">Katholische Kirche</subfield><subfield code="g">Motiv</subfield><subfield code="0">(DE-588)4199199-0</subfield><subfield code="2">gnd</subfield></datafield><datafield ind1=" " ind2="0" tag="650"><subfield code="a">Indians of Mexico</subfield><subfield code="x">History</subfield><subfield code="y">16th century</subfield></datafield><datafield ind1=" " ind2="0" tag="650"><subfield code="a">Indians of Mexico</subfield><subfield code="x">Missions</subfield></datafield><datafield ind1=" " ind2="7" tag="650"><subfield code="a">Indianer</subfield><subfield code="0">(DE-588)4026718-0</subfield><subfield code="2">gnd</subfield></datafield><datafield ind1=" " ind2="7" tag="650"><subfield code="a">Mission</subfield><subfield code="0">(DE-588)4039567-4</subfield><subfield code="2">gnd</subfield></datafield><datafield ind1=" " ind2="7" tag="650"><subfield code="a">Nichtchristliche Religion</subfield><subfield code="0">(DE-588)4075367-0</subfield><subfield code="2">gnd</subfield></datafield><datafield ind1=" " ind2="7" tag="650"><subfield code="a">Christianisme</subfield><subfield code="0">(IDREF)027229955</subfield><subfield code="2">idref</subfield></datafield><datafield ind1=" " ind2="7" tag="650"><subfield code="a">Anthropologie historique</subfield><subfield code="0">(IDREF)033292183</subfield><subfield code="2">idref</subfield></datafield><datafield ind1=" " ind2="7" tag="650"><subfield code="a">16e siècle</subfield><subfield code="0">(IDREF)027794520</subfield><subfield code="2">idref</subfield></datafield><datafield ind1=" " ind2="7" tag="650"><subfield code="a">Indiens d'Amérique</subfield><subfield code="0">(IDREF)027325172</subfield><subfield code="2">idref</subfield></datafield><datafield ind1=" " ind2="7" tag="650"><subfield code="a">Religion</subfield><subfield code="z">Mexiko</subfield><subfield code="2">idsbb</subfield></datafield><datafield ind1=" " ind2="7" tag="650"><subfield code="a">Mission</subfield><subfield code="z">Mexiko</subfield><subfield code="2">idsbb</subfield></datafield><datafield ind1=" " ind2="0" tag="651"><subfield code="a">Mexico</subfield><subfield code="x">Church history</subfield></datafield><datafield ind1=" " ind2="0" tag="651"><subfield code="a">Mexico</subfield><subfield code="x">History</subfield><subfield code="y">Conquest, 1519-1540</subfield></datafield><datafield ind1=" " ind2="7" tag="651"><subfield code="a">Mexiko</subfield><subfield code="0">(DE-588)4039058-5</subfield><subfield code="2">gnd</subfield></datafield><datafield ind1=" " ind2="7" tag="651"><subfield code="a">Nouvelle-Espagne</subfield><subfield code="0">(IDREF)033882487</subfield><subfield code="2">idref</subfield></datafield><datafield ind1=" " ind2="7" tag="651"><subfield code="a">Indianer</subfield><subfield code="z">Mexiko</subfield><subfield code="2">idsbb</subfield></datafield><datafield ind1=" " ind2="7" tag="655"><subfield code="a">[document]</subfield><subfield code="2">rerovoc</subfield><subfield code="0">(RERO)A010182398</subfield></datafield><datafield ind1=" " ind2=" " tag="690"><subfield code="a">Franziskaner / 1970- ersch.</subfield><subfield code="2">uzb-Z9</subfield></datafield><datafield ind1=" " ind2=" " tag="690"><subfield code="a">Mission / Einzelne Gebiete und Orte / Amerika / Lateinamerika</subfield><subfield code="2">uzb-Z9</subfield></datafield><datafield ind1=" " ind2=" " tag="690"><subfield code="a">Kolonialismus</subfield><subfield code="2">uzb-UH</subfield></datafield><datafield ind1=" " ind2=" " tag="690"><subfield code="a">Kirche, historisch</subfield><subfield code="2">uzb-UH</subfield></datafield><datafield ind1=" " ind2=" " tag="690"><subfield code="a">Lateinamerikanisch : Chroniken : Mexiko</subfield><subfield code="2">uzb-VH</subfield></datafield><datafield ind1=" " ind2=" " tag="690"><subfield code="a">Lateinamerikanisch : Kulturgeschichte : Mexiko</subfield><subfield code="2">uzb-VH</subfield></datafield><datafield ind1=" " ind2=" " tag="690"><subfield code="a">Bernardino</subfield><subfield code="2">uzb-VH</subfield></datafield><datafield ind1=" " ind2=" " tag="690"><subfield code="a">Missionen, katholische. Mexiko. Geschichte. 16. Jh.</subfield><subfield code="2">rzs-L1</subfield></datafield><datafield ind1=" " ind2=" " tag="690"><subfield code="a">Indianer. Mexiko. Geschichte. 16. Jh.</subfield><subfield code="2">rzs-L1</subfield></datafield><datafield ind1=" " ind2=" " tag="690"><subfield code="a">Franziskaner, B: Missionen. Mexiko. Geschichte. 16. Jh.</subfield><subfield code="2">rzs-L1</subfield></datafield><datafield ind1=" " ind2=" " tag="690"><subfield code="a">Religionen, ausserchristliche. Mexiko &amp; Christentum</subfield><subfield code="2">rzs-L1</subfield></datafield><datafield ind1="1" ind2="2" tag="700"><subfield code="a">Sahagún, Bernardino &lt;&lt;de&gt;&gt;</subfield><subfield code="d">1499-1590</subfield><subfield code="t">Colloques des douze</subfield></datafield><datafield ind1="1" ind2=" " tag="700"><subfield code="a">Sahagún, Bernardino &lt;&lt;de&gt;&gt;</subfield><subfield code="d">1499-1590</subfield><subfield code="0">(DE-588)118637827</subfield></datafield><datafield ind1=" " ind2=" " tag="900"><subfield code="a">REROnoselfmerge</subfield></datafield><datafield ind1=" " ind2=" " tag="990"><subfield code="a">fsantin</subfield><subfield code="9">LOCAL</subfield></datafield></record>
</metadata></record>