<record><header><identifier>oai:alma.41SLSP_UGE:991000047869705502</identifier><datestamp>2023-06-20T00:21:14Z</datestamp><setSpec>uge_bcen_RapidILL_BOOK</setSpec><setSpec>uge_aaca_RapidILL_BOOK</setSpec><setSpec>uge_abels_RapidILL_BOOK</setSpec><setSpec>uge_dbu_RapidILL_BOOK</setSpec><setSpec>uge_cmu_RapidILL_BOOK</setSpec><setSpec>uge_mail_RapidILL_BOOK</setSpec><setSpec>uge_abbat_RapidILL_BOOK</setSpec><setSpec>UNIGE_ALL</setSpec><setSpec>uge_aobs_RapidILL_BOOK</setSpec><setSpec>uge_acar_RapidILL_BOOK</setSpec></header><metadata>
<record xmlns="http://www.loc.gov/MARC21/slim" xmlns:xsi="http://www.w3.org/2001/XMLSchema-instance" xsi:schemaLocation="http://www.loc.gov/MARC21/slim http://www.loc.gov/standards/marcxml/schema/MARC21slim.xsd"><leader>02580nam a2200661 c 4500</leader><controlfield tag="001">991000047869705502</controlfield><controlfield tag="005">20230619201723.0</controlfield><controlfield tag="008">201012s2004    xxk||||| |||| 00| ||eng d</controlfield><datafield ind1=" " ind2=" " tag="010"><subfield code="a">2004300948</subfield></datafield><datafield ind1=" " ind2=" " tag="020"><subfield code="a">0567080935</subfield></datafield><datafield ind1=" " ind2=" " tag="035"><subfield code="a">(swissbib)234888377-41slsp_network</subfield></datafield><datafield ind1=" " ind2=" " tag="035"><subfield code="a">234888377</subfield><subfield code="9">ExL</subfield></datafield><datafield ind1=" " ind2=" " tag="035"><subfield code="a">(RERO)R003651675-41slsp</subfield></datafield><datafield ind1=" " ind2=" " tag="035"><subfield code="a">(NEBIS)005420616EBI01</subfield></datafield><datafield ind1=" " ind2=" " tag="035"><subfield code="a">(IDSBB)003259864DSV01</subfield></datafield><datafield ind1=" " ind2=" " tag="035"><subfield code="a">(DLC)--2004300948</subfield></datafield><datafield ind1=" " ind2=" " tag="035"><subfield code="a">(EXLNZ-41SLSP_NETWORK)991118841929705501</subfield></datafield><datafield ind1=" " ind2=" " tag="040"><subfield code="a">RERO labcud</subfield><subfield code="d">CH-ZuSLS</subfield></datafield><datafield ind1=" " ind2=" " tag="050"><subfield code="a">BS1465.52</subfield><subfield code="b">.M55 2004</subfield></datafield><datafield ind1=" " ind2="7" tag="072"><subfield code="a">th</subfield><subfield code="2">rero</subfield></datafield><datafield ind1=" " ind2="7" tag="072"><subfield code="a">th</subfield><subfield code="2">SzZuIDS BS/BE</subfield></datafield><datafield ind1="1" ind2=" " tag="080"><subfield code="a">(05):22JSOT-S</subfield></datafield><datafield ind1="0" ind2="0" tag="082"><subfield code="a">223/.7066</subfield><subfield code="2">22</subfield></datafield><datafield ind1="0" ind2="4" tag="082"><subfield code="a">223.706</subfield><subfield code="2">21</subfield></datafield><datafield ind1=" " ind2=" " tag="084"><subfield code="a">BC 4300</subfield><subfield code="2">rvk</subfield></datafield><datafield ind1=" " ind2=" " tag="084"><subfield code="a">BC 6745</subfield><subfield code="2">rvk</subfield></datafield><datafield ind1="1" ind2=" " tag="100"><subfield code="6">880-01</subfield><subfield code="a">Miles, Johnny E</subfield><subfield code="0">(IDREF)081924526</subfield><subfield code="4">cre</subfield></datafield><datafield ind1="1" ind2=" " tag="880"><subfield code="a">Miles, Johnny E.</subfield><subfield code="0">(DE-588)1089581327</subfield><subfield code="6">100-01</subfield></datafield><datafield ind1="1" ind2="0" tag="245"><subfield code="a">Wise king - royal fool</subfield><subfield code="b">semiotics, satire and Proverbs 1-9</subfield><subfield code="c">Johnny E. Miles</subfield></datafield><datafield ind1=" " ind2="1" tag="264"><subfield code="a">London</subfield><subfield code="b">New York</subfield><subfield code="b">T. &amp; T. Clark</subfield><subfield code="c">[2004]</subfield></datafield><datafield ind1=" " ind2="4" tag="264"><subfield code="c">© 2004</subfield></datafield><datafield ind1=" " ind2=" " tag="300"><subfield code="a">IX, 122 p.</subfield><subfield code="c">24 cm</subfield></datafield><datafield ind1=" " ind2=" " tag="336"><subfield code="b">txt</subfield><subfield code="2">rdacontent</subfield></datafield><datafield ind1=" " ind2=" " tag="337"><subfield code="b">n</subfield><subfield code="2">rdamedia</subfield></datafield><datafield ind1=" " ind2=" " tag="338"><subfield code="b">nc</subfield><subfield code="2">rdacarrier</subfield></datafield><datafield ind1="1" ind2=" " tag="490"><subfield code="a">Journal for the study of the Old Testament. Supplement series</subfield><subfield code="v">399</subfield></datafield><datafield ind1=" " ind2=" " tag="502"><subfield code="a">Based on the author's thesis (doctoral) - Baylor University, 2001, under title: When is a wise man a fool? : a semiotic analysis of Proverbs 1-9 as satire</subfield></datafield><datafield ind1=" " ind2=" " tag="504"><subfield code="a">Includes bibliographical references (p. [108]-115) and indexes</subfield></datafield><datafield ind1="0" ind2="0" tag="600"><subfield code="a">Solomon</subfield><subfield code="c">King of Israel</subfield></datafield><datafield ind1="0" ind2="7" tag="630"><subfield code="a">Bible</subfield><subfield code="p">AT</subfield><subfield code="p">Proverbes</subfield><subfield code="n">1 - 9</subfield><subfield code="2">rero</subfield></datafield><datafield ind1="0" ind2="7" tag="630"><subfield code="a">Sprichwörter (Bibel) 1-9</subfield><subfield code="2">idszbz</subfield></datafield><datafield ind1="0" ind2="0" tag="630"><subfield code="a">Bible</subfield><subfield code="n">O.T</subfield><subfield code="p">Proverbs I-IX</subfield><subfield code="x">Criticism, interpretation, etc</subfield></datafield><datafield ind1="0" ind2="0" tag="630"><subfield code="a">Bible</subfield><subfield code="n">O.T</subfield><subfield code="p">Proverbs I-IX</subfield><subfield code="x">Language, style</subfield></datafield><datafield ind1="0" ind2="0" tag="630"><subfield code="a">Bible</subfield><subfield code="p">Proverbs I-IX</subfield><subfield code="x">Criticism, interpretation, etc</subfield></datafield><datafield ind1="0" ind2="0" tag="630"><subfield code="a">Bible</subfield><subfield code="p">Proverbs, I-IX</subfield><subfield code="x">Criticism, interpretation, etc</subfield></datafield><datafield ind1="0" ind2="0" tag="630"><subfield code="a">Bible</subfield><subfield code="p">Proverbs I-IX</subfield><subfield code="x">Language, style</subfield></datafield><datafield ind1="0" ind2="0" tag="630"><subfield code="a">Bible</subfield><subfield code="p">Proverbs, I-IX</subfield><subfield code="x">Language, style</subfield></datafield><datafield ind1=" " ind2="7" tag="650"><subfield code="a">Satire</subfield><subfield code="0">(IDREF)027247724</subfield><subfield code="2">idref</subfield></datafield><datafield ind1=" " ind2="7" tag="650"><subfield code="a">Sémiotique</subfield><subfield code="0">(IDREF)027344479</subfield><subfield code="2">idref</subfield></datafield><datafield ind1=" " ind2="7" tag="650"><subfield code="a">Satire</subfield><subfield code="2">idszbz</subfield></datafield><datafield ind1=" " ind2="7" tag="650"><subfield code="a">Textsemiotik</subfield><subfield code="2">idszbz</subfield></datafield><datafield ind1=" " ind2="0" tag="650"><subfield code="a">Hebrew poetry, Biblical</subfield></datafield><datafield ind1=" " ind2="0" tag="650"><subfield code="a">Satire in the Bible</subfield></datafield><datafield ind1=" " ind2="0" tag="650"><subfield code="a">Semiotics</subfield></datafield><datafield ind1=" " ind2="7" tag="650"><subfield code="a">Satire</subfield><subfield code="0">(DE-588)4051752-4</subfield><subfield code="2">gnd</subfield></datafield><datafield ind1=" " ind2="7" tag="650"><subfield code="a">Textsemiotik</subfield><subfield code="0">(DE-588)4117194-9</subfield><subfield code="2">gnd</subfield></datafield><datafield ind1=" " ind2="7" tag="655"><subfield code="a">Hochschulschrift</subfield><subfield code="2">gnd-content</subfield></datafield><datafield ind1=" " ind2="0" tag="830"><subfield code="a">Journal for the study of the Old Testament</subfield><subfield code="p">Supplement series</subfield><subfield code="v">399</subfield><subfield code="w">(RERO)0566204-41slsp</subfield></datafield><datafield ind1=" " ind2=" " tag="900"><subfield code="a">IDSZ2zbzmon200709p</subfield><subfield code="c">IDSZ2muew</subfield><subfield code="d">IDSZ2zbzswk200709b</subfield><subfield code="e">IDSZ2haag</subfield></datafield></record>
</metadata></record>