<record><header><identifier>oai:alma.41SLSP_UGE:991000047369705502</identifier><datestamp>2023-06-20T00:26:07Z</datestamp><setSpec>uge_bcen_RapidILL_BOOK</setSpec><setSpec>uge_aaca_RapidILL_BOOK</setSpec><setSpec>uge_abels_RapidILL_BOOK</setSpec><setSpec>uge_dbu_RapidILL_BOOK</setSpec><setSpec>uge_cmu_RapidILL_BOOK</setSpec><setSpec>uge_mail_RapidILL_BOOK</setSpec><setSpec>uge_abbat_RapidILL_BOOK</setSpec><setSpec>UNIGE_ALL</setSpec><setSpec>uge_aobs_RapidILL_BOOK</setSpec><setSpec>uge_acar_RapidILL_BOOK</setSpec></header><metadata>
<record xmlns="http://www.loc.gov/MARC21/slim" xmlns:xsi="http://www.w3.org/2001/XMLSchema-instance" xsi:schemaLocation="http://www.loc.gov/MARC21/slim http://www.loc.gov/standards/marcxml/schema/MARC21slim.xsd"><leader>02252nam a2200601 ca4500</leader><controlfield tag="001">991000047369705502</controlfield><controlfield tag="005">20230619195040.0</controlfield><controlfield tag="008">201012m19751976gw ||||| |||| 00| ||ger d</controlfield><datafield ind1=" " ind2=" " tag="020"><subfield code="a">3518067907</subfield><subfield code="q">Bd. 1.</subfield></datafield><datafield ind1=" " ind2=" " tag="020"><subfield code="a">3518068555</subfield><subfield code="q">Bd. 2</subfield></datafield><datafield ind1=" " ind2=" " tag="035"><subfield code="a">(swissbib)233620060-41slsp_network</subfield></datafield><datafield ind1=" " ind2=" " tag="035"><subfield code="a">233620060</subfield><subfield code="9">ExL</subfield></datafield><datafield ind1=" " ind2=" " tag="035"><subfield code="a">(RERO)2190687-41slsp</subfield></datafield><datafield ind1=" " ind2=" " tag="035"><subfield code="a">(IDSLU)000663522ILU01</subfield></datafield><datafield ind1=" " ind2=" " tag="035"><subfield code="a">(IDSBB)002638113DSV01</subfield></datafield><datafield ind1=" " ind2=" " tag="035"><subfield code="a">(NEBIS)003186759EBI01</subfield></datafield><datafield ind1=" " ind2=" " tag="035"><subfield code="a">(EXLNZ-41SLSP_NETWORK)991145254849705501</subfield></datafield><datafield ind1=" " ind2=" " tag="040"><subfield code="a">RERO neubfl</subfield><subfield code="d">CH-ZuSLS</subfield></datafield><datafield ind1=" " ind2="7" tag="072"><subfield code="a">al</subfield><subfield code="2">rero</subfield></datafield><datafield ind1=" " ind2="7" tag="072"><subfield code="a">da</subfield><subfield code="2">SzZuIDS BS/BE</subfield></datafield><datafield ind1="0" ind2="4" tag="082"><subfield code="a">831.91</subfield></datafield><datafield ind1="0" ind2="4" tag="082"><subfield code="a">831.9</subfield><subfield code="b">R573Zrik</subfield></datafield><datafield ind1="0" ind2="4" tag="082"><subfield code="a">831</subfield><subfield code="b">R457zso</subfield></datafield><datafield ind1="0" ind2="4" tag="082"><subfield code="a">838.91209</subfield></datafield><datafield ind1="0" ind2="0" tag="245"><subfield code="a">Rilke heute</subfield><subfield code="b">Beziehungen und Wirkungen</subfield><subfield code="c">hrsg. von Ingeborg H. Solbrig und Joachim W. Storck</subfield></datafield><datafield ind1=" " ind2="1" tag="264"><subfield code="a">Frankfurt am Main</subfield><subfield code="b">Suhrkamp</subfield><subfield code="c">1975-1976</subfield></datafield><datafield ind1=" " ind2=" " tag="300"><subfield code="a">2 vol. (331, 193 p.)</subfield><subfield code="c">18 cm</subfield></datafield><datafield ind1=" " ind2=" " tag="336"><subfield code="b">txt</subfield><subfield code="2">rdacontent</subfield></datafield><datafield ind1=" " ind2=" " tag="337"><subfield code="b">n</subfield><subfield code="2">rdamedia</subfield></datafield><datafield ind1=" " ind2=" " tag="338"><subfield code="b">nc</subfield><subfield code="2">rdacarrier</subfield></datafield><datafield ind1="1" ind2=" " tag="490"><subfield code="a">Suhrkamp Taschenbuch</subfield><subfield code="v">290, 355</subfield></datafield><datafield ind1="1" ind2="7" tag="600"><subfield code="a">Rilke, Rainer Maria</subfield><subfield code="d">1875-1926</subfield><subfield code="0">(IDREF)027100596</subfield><subfield code="2">idref</subfield></datafield><datafield ind1="1" ind2="7" tag="600"><subfield code="a">Rilke, Rainer Maria</subfield><subfield code="d">1875-1926</subfield><subfield code="0">(DE-588)118601024</subfield><subfield code="2">gnd</subfield></datafield><datafield ind1="1" ind2="0" tag="600"><subfield code="a">Rilke, Rainer Maria</subfield><subfield code="d">1875-1926</subfield></datafield><datafield ind1="1" ind2="0" tag="600"><subfield code="a">Rilke, Rainer Maria</subfield><subfield code="d">1875-1926</subfield><subfield code="x">Criticism and interpretation</subfield></datafield><datafield ind1=" " ind2="7" tag="650"><subfield code="a">Moral</subfield><subfield code="0">(DE-588)4040222-8</subfield><subfield code="2">gnd</subfield></datafield><datafield ind1=" " ind2="7" tag="650"><subfield code="a">Philosophie</subfield><subfield code="0">(DE-588)4045791-6</subfield><subfield code="2">gnd</subfield></datafield><datafield ind1=" " ind2="7" tag="650"><subfield code="a">Rezeption</subfield><subfield code="0">(DE-588)4049716-1</subfield><subfield code="2">gnd</subfield></datafield><datafield ind1=" " ind2="7" tag="650"><subfield code="a">Vergangenheitsbewältigung</subfield><subfield code="0">(DE-588)4061672-1</subfield><subfield code="2">gnd</subfield></datafield><datafield ind1=" " ind2="0" tag="650"><subfield code="a">Rilke</subfield><subfield code="x">Rainer Maria</subfield><subfield code="x">Criticism and interpretation</subfield></datafield><datafield ind1=" " ind2="7" tag="651"><subfield code="a">Deutschland</subfield><subfield code="0">(DE-588)4011882-4</subfield><subfield code="2">gnd</subfield></datafield><datafield ind1=" " ind2="7" tag="655"><subfield code="a">[Études diverses]</subfield><subfield code="0">(RERO)A022249905</subfield><subfield code="2">rero</subfield></datafield><datafield ind1=" " ind2="7" tag="655"><subfield code="a">Aufsatzsammlung</subfield><subfield code="2">gnd-content</subfield></datafield><datafield ind1=" " ind2=" " tag="690"><subfield code="a">Rilke, Rainer Maria, B: Werk</subfield><subfield code="2">rzs-L1</subfield></datafield><datafield ind1=" " ind2=" " tag="690"><subfield code="a">Rilke, Rainer M / Wirkungsgeschichte</subfield><subfield code="2">uzb-Z9</subfield></datafield><datafield ind1=" " ind2=" " tag="690"><subfield code="a">Rilke, Rainer Maria</subfield><subfield code="2">uzb-VI</subfield></datafield><datafield ind1=" " ind2=" " tag="690"><subfield code="a">Leben und Werk</subfield><subfield code="2">uzb-VI</subfield></datafield><datafield ind1=" " ind2=" " tag="690"><subfield code="a">Poetik</subfield><subfield code="2">uzb-VI</subfield></datafield><datafield ind1=" " ind2=" " tag="690"><subfield code="a">Rezeption</subfield><subfield code="2">uzb-VI</subfield></datafield><datafield ind1="1" ind2=" " tag="700"><subfield code="a">Solbrig, Ingeborg Hildegard</subfield></datafield><datafield ind1="1" ind2=" " tag="700"><subfield code="a">Storck, Joachim W.</subfield><subfield code="d">1922-2011</subfield><subfield code="0">(DE-588)117289590</subfield></datafield><datafield ind1="1" ind2=" " tag="700"><subfield code="a">Solbrig, Ingeborg Hildegard</subfield><subfield code="0">(IDREF)033966141</subfield></datafield><datafield ind1=" " ind2="0" tag="830"><subfield code="a">Suhrkamp Taschenbuch</subfield><subfield code="v">290,355</subfield><subfield code="w">(RERO)1214729-41slsp</subfield></datafield><datafield ind1=" " ind2=" " tag="900"><subfield code="a">IDSZRMedeaZBZ</subfield><subfield code="b">IDSZRMehrbändig</subfield></datafield></record>
</metadata></record>