<record><header><identifier>oai:alma.41SLSP_UGE:991000047679705502</identifier><datestamp>2023-03-01T01:09:19Z</datestamp><setSpec>uge_bcen_RapidILL_BOOK</setSpec><setSpec>uge_aaca_RapidILL_BOOK</setSpec><setSpec>uge_abels_RapidILL_BOOK</setSpec><setSpec>uge_dbu_RapidILL_BOOK</setSpec><setSpec>uge_cmu_RapidILL_BOOK</setSpec><setSpec>uge_mail_RapidILL_BOOK</setSpec><setSpec>UNIGE_ALL</setSpec><setSpec>uge_abbat_RapidILL_BOOK</setSpec><setSpec>uge_aobs_RapidILL_BOOK</setSpec><setSpec>uge_acar_RapidILL_BOOK</setSpec></header><metadata>
<record xmlns="http://www.loc.gov/MARC21/slim" xmlns:xsi="http://www.w3.org/2001/XMLSchema-instance" xsi:schemaLocation="http://www.loc.gov/MARC21/slim http://www.loc.gov/standards/marcxml/schema/MARC21slim.xsd"><leader>01998nam a2200565 c 4500</leader><controlfield tag="001">991000047679705502</controlfield><controlfield tag="005">20201231111637.0</controlfield><controlfield tag="008">201012s1982    it ||||| |||| 00| ||ita d</controlfield><datafield ind1=" " ind2=" " tag="020"><subfield code="a">887062529X</subfield></datafield><datafield ind1=" " ind2=" " tag="035"><subfield code="a">(swissbib)233814221-41slsp_network</subfield></datafield><datafield ind1=" " ind2=" " tag="035"><subfield code="a">233814221</subfield><subfield code="9">ExL</subfield></datafield><datafield ind1=" " ind2=" " tag="035"><subfield code="a">(RERO)0636092-41slsp</subfield></datafield><datafield ind1=" " ind2=" " tag="035"><subfield code="a">(IDSBB)000027164DSV01</subfield></datafield><datafield ind1=" " ind2=" " tag="035"><subfield code="a">(NEBIS)003167270EBI01</subfield></datafield><datafield ind1=" " ind2=" " tag="035"><subfield code="a">(EXLNZ-41SLSP_NETWORK)991056639589705501</subfield></datafield><datafield ind1=" " ind2=" " tag="040"><subfield code="a">RERO labcud</subfield><subfield code="d">CH-ZuSLS</subfield></datafield><datafield ind1="1" ind2=" " tag="041"><subfield code="a">ita</subfield><subfield code="h">eng</subfield></datafield><datafield ind1=" " ind2="7" tag="072"><subfield code="a">ar</subfield><subfield code="2">rero</subfield></datafield><datafield ind1=" " ind2="7" tag="072"><subfield code="a">ar</subfield><subfield code="2">SzZuIDS BS/BE</subfield></datafield><datafield ind1=" " ind2="7" tag="072"><subfield code="a">ag</subfield><subfield code="2">SzZuIDS BS/BE</subfield></datafield><datafield ind1="1" ind2=" " tag="080"><subfield code="a">937.5</subfield></datafield><datafield ind1="0" ind2="4" tag="082"><subfield code="a">913.08</subfield></datafield><datafield ind1="0" ind2="4" tag="082"><subfield code="a">930</subfield></datafield><datafield ind1="1" ind2="4" tag="082"><subfield code="a">930</subfield><subfield code="2">15</subfield></datafield><datafield ind1=" " ind2=" " tag="084"><subfield code="a">6,14</subfield><subfield code="2">ssgn</subfield></datafield><datafield ind1=" " ind2=" " tag="084"><subfield code="a">LE 9000</subfield><subfield code="2">rvk</subfield></datafield><datafield ind1=" " ind2=" " tag="084"><subfield code="a">NG 7000</subfield><subfield code="2">rvk</subfield></datafield><datafield ind1="1" ind2=" " tag="100"><subfield code="a">Macnamara, Ellen</subfield><subfield code="0">(IDREF)076323129</subfield><subfield code="4">cre</subfield></datafield><datafield ind1="1" ind2="0" tag="245"><subfield code="a">Vita quotidiana degli Etruschi</subfield><subfield code="c">Ellen Macnamara ; trad. dall'originale inglese da Francesca R. Serra Ridgway</subfield></datafield><datafield ind1=" " ind2="1" tag="264"><subfield code="a">Roma</subfield><subfield code="b">L'&quot;Erma&quot; di Bretschneider</subfield><subfield code="c">1982</subfield></datafield><datafield ind1=" " ind2=" " tag="300"><subfield code="a">206 p.</subfield><subfield code="b">ill.</subfield><subfield code="c">24 cm</subfield></datafield><datafield ind1=" " ind2=" " tag="336"><subfield code="b">txt</subfield><subfield code="2">rdacontent</subfield></datafield><datafield ind1=" " ind2=" " tag="337"><subfield code="b">n</subfield><subfield code="2">rdamedia</subfield></datafield><datafield ind1=" " ind2=" " tag="338"><subfield code="b">nc</subfield><subfield code="2">rdacarrier</subfield></datafield><datafield ind1="1" ind2=" " tag="490"><subfield code="a">Studia archaeologica</subfield><subfield code="v">31</subfield></datafield><datafield ind1=" " ind2=" " tag="500"><subfield code="a">Originaltitel: Everyday life of the Etruscans</subfield></datafield><datafield ind1=" " ind2="7" tag="650"><subfield code="a">Etrusque (peuple)</subfield><subfield code="0">(RERO)A010080821</subfield><subfield code="2">rerovoc</subfield></datafield><datafield ind1=" " ind2="7" tag="650"><subfield code="a">vie quotidienne</subfield><subfield code="0">(RERO)A010036329</subfield><subfield code="2">rerovoc</subfield></datafield><datafield ind1=" " ind2="7" tag="650"><subfield code="a">Kultur</subfield><subfield code="z">Etrusker</subfield><subfield code="2">idsbb</subfield></datafield><datafield ind1=" " ind2="7" tag="650"><subfield code="a">Alltag</subfield><subfield code="0">(DE-588)4001307-8</subfield><subfield code="2">gnd</subfield></datafield><datafield ind1=" " ind2="7" tag="650"><subfield code="a">Etrusker</subfield><subfield code="0">(DE-588)4015627-8</subfield><subfield code="2">gnd</subfield></datafield><datafield ind1=" " ind2="0" tag="650"><subfield code="a">Etruscans</subfield></datafield><datafield ind1=" " ind2=" " tag="690"><subfield code="a">Etrusker / Kultur</subfield><subfield code="2">uzb-Z9</subfield></datafield><datafield ind1=" " ind2=" " tag="690"><subfield code="a">Kulturgeschichte / Einzelne Gebiete und Orte / Europa: Einz.Gebiete und Orte / Italien: einz. Geb. Orte / Toskana</subfield><subfield code="2">uzb-Z9</subfield></datafield><datafield ind1="1" ind2=" " tag="700"><subfield code="a">Serra Ridgway, Francesca Romana</subfield><subfield code="d">1936-2008</subfield><subfield code="0">(RERO)A018938907</subfield></datafield><datafield ind1=" " ind2=" " tag="830"><subfield code="a">Studia Archaeologica</subfield><subfield code="p">Erma di Bretschneider</subfield><subfield code="v">31</subfield><subfield code="w">(RERO)0010646-41slsp</subfield></datafield><datafield ind1=" " ind2=" " tag="830"><subfield code="a">Studia archaeologica</subfield><subfield code="v">31</subfield><subfield code="w">(IDSBB)000026299DSV01</subfield></datafield><datafield ind1=" " ind2=" " tag="830"><subfield code="a">Studia archaeologica</subfield><subfield code="v">31</subfield><subfield code="w">(NEBIS)000988668EBI01</subfield></datafield><datafield ind1=" " ind2=" " tag="900"><subfield code="a">REROnoselfmerge</subfield></datafield><datafield ind1=" " ind2=" " tag="900"><subfield code="a">IDSZRMedeaZBZ</subfield></datafield><datafield ind1=" " ind2=" " tag="900"><subfield code="f">IDSU2medea</subfield></datafield></record>
</metadata></record>