<record><header><identifier>oai:alma.41SLSP_UGE:991000047359705502</identifier><datestamp>2024-07-20T00:43:24Z</datestamp><setSpec>uge_bcen_RapidILL_BOOK</setSpec><setSpec>uge_aaca_RapidILL_BOOK</setSpec><setSpec>uge_abels_RapidILL_BOOK</setSpec><setSpec>uge_dbu_RapidILL_BOOK</setSpec><setSpec>uge_cmu_RapidILL_BOOK</setSpec><setSpec>uge_mail_RapidILL_BOOK</setSpec><setSpec>uge_abbat_RapidILL_BOOK</setSpec><setSpec>UNIGE_ALL</setSpec><setSpec>uge_aobs_RapidILL_BOOK</setSpec><setSpec>uge_acar_RapidILL_BOOK</setSpec></header><metadata>
<record xmlns="http://www.loc.gov/MARC21/slim" xmlns:xsi="http://www.w3.org/2001/XMLSchema-instance" xsi:schemaLocation="http://www.loc.gov/MARC21/slim http://www.loc.gov/standards/marcxml/schema/MARC21slim.xsd"><leader>02131nam a2200337 c 4500</leader><controlfield tag="001">991000047359705502</controlfield><controlfield tag="005">20230328215518.0</controlfield><controlfield tag="008">180910s2018    fr ||||| |||| 00| ||fre d</controlfield><datafield ind1=" " ind2=" " tag="020"><subfield code="a">9782350305028</subfield><subfield code="q">br.</subfield><subfield code="c">15 EUR</subfield></datafield><datafield ind1="7" ind2=" " tag="024"><subfield code="a">http://catalogue.bnf.fr/ark:/12148/cb45534423c</subfield><subfield code="2">uri</subfield></datafield><datafield ind1=" " ind2=" " tag="035"><subfield code="a">(swissbib)125064179-41slsp_network</subfield></datafield><datafield ind1=" " ind2=" " tag="035"><subfield code="a">125064179</subfield><subfield code="9">ExL</subfield></datafield><datafield ind1=" " ind2=" " tag="035"><subfield code="a">(RERO)R008837518-41slsp</subfield></datafield><datafield ind1=" " ind2=" " tag="035"><subfield code="a">(EXLNZ-41SLSP_NETWORK)991022580539705501</subfield></datafield><datafield ind1=" " ind2=" " tag="040"><subfield code="a">FRBNF</subfield><subfield code="d">CH-ZuSLS</subfield></datafield><datafield ind1=" " ind2="7" tag="072"><subfield code="a">hg</subfield><subfield code="2">rero</subfield></datafield><datafield ind1="1" ind2=" " tag="100"><subfield code="a">Peloille, Manuelle</subfield><subfield code="c">professeur de civilisation espagnole</subfield><subfield code="d">1972-....</subfield><subfield code="0">(IDREF)034751580</subfield><subfield code="4">cre</subfield></datafield><datafield ind1="1" ind2="0" tag="245"><subfield code="a">&lt;&lt;L'&gt;&gt;indépendance catalane en question</subfield><subfield code="c">Manuelle Peloille, Serge Buj, Cyril Trépier</subfield></datafield><datafield ind1=" " ind2="1" tag="264"><subfield code="a">Neuilly-sur-Seine</subfield><subfield code="b">Atlande</subfield><subfield code="c">2018</subfield></datafield><datafield ind1=" " ind2=" " tag="300"><subfield code="a">1 vol. (272 p.)</subfield><subfield code="c">18 cm</subfield></datafield><datafield ind1=" " ind2=" " tag="336"><subfield code="b">txt</subfield><subfield code="2">rdacontent</subfield></datafield><datafield ind1=" " ind2=" " tag="337"><subfield code="b">n</subfield><subfield code="2">rdamedia</subfield></datafield><datafield ind1=" " ind2=" " tag="338"><subfield code="b">nc</subfield><subfield code="2">rdacarrier</subfield></datafield><datafield ind1="0" ind2=" " tag="490"><subfield code="a">Coup de gueule et engagement</subfield></datafield><datafield ind1="8" ind2=" " tag="520"><subfield code="a">”Depuis un quart de siècle, les gouvernements de l'Espagne ont été suspendus aux vibrations catalanes”, écrivait en 1923 de Romanonès, ancien Président du Conseil espagnol. Aujourd'hui encore, le devenir de la Catalogne agite toute l'Europe. Découvrez l'histoire des démêlés, conflits mais aussi – et surtout – des tractations permanentes entre cette région et le reste de l'Espagne, depuis les rois d'Aragon jusqu'à Puidgemont, en passant par l'éphémère république de Catalogne et le franquisme. Un petit livre qui propose des repères essentiels pour comprendre les enjeux géopolitiques, économiques, linguistiques, institutionnels et identitaires de l'indépendance catalane. Une honnêteté et une rigueur qui signalent une référence incontournable. Un texte passionnant qui se confronte à une actualité brûlante. -- éditeur</subfield></datafield><datafield ind1=" " ind2="7" tag="650"><subfield code="a">Mouvements séparatistes</subfield><subfield code="0">(IDREF)146088360</subfield><subfield code="2">idref</subfield></datafield><datafield ind1=" " ind2="7" tag="651"><subfield code="a">Catalogne (Espagne)</subfield><subfield code="0">(IDREF)02747299X</subfield><subfield code="2">idref</subfield></datafield><datafield ind1=" " ind2="7" tag="651"><subfield code="a">Espagne</subfield><subfield code="0">(IDREF)027224406</subfield><subfield code="2">idref</subfield></datafield><datafield ind1="1" ind2=" " tag="700"><subfield code="a">Buj, Serge</subfield><subfield code="d">1949-....</subfield><subfield code="0">(IDREF)086831100</subfield></datafield><datafield ind1="1" ind2=" " tag="700"><subfield code="a">Trépier, Cyril</subfield><subfield code="d">1980-....</subfield><subfield code="0">(IDREF)179333003</subfield></datafield><datafield ind1=" " ind2=" " tag="900"><subfield code="a">REROnoselfmerge</subfield></datafield><datafield ind1=" " ind2=" " tag="910"><subfield code="a">BNF</subfield><subfield code="b">20180910</subfield><subfield code="c">Réutilisation sous conditions: Licence ouverte Etalab</subfield></datafield><datafield ind1=" " ind2=" " tag="961"><subfield code="2">gsi</subfield><subfield code="a">323.173</subfield><subfield code="9">LOCAL</subfield></datafield></record>
</metadata></record>