<record><header><identifier>oai:alma.41SLSP_UGE:991000047779705502</identifier><datestamp>2024-04-14T00:13:05Z</datestamp><setSpec>uge_bcen_RapidILL_BOOK</setSpec><setSpec>uge_aaca_RapidILL_BOOK</setSpec><setSpec>uge_abels_RapidILL_BOOK</setSpec><setSpec>uge_dbu_RapidILL_BOOK</setSpec><setSpec>uge_cmu_RapidILL_BOOK</setSpec><setSpec>uge_mail_RapidILL_BOOK</setSpec><setSpec>uge_abbat_RapidILL_BOOK</setSpec><setSpec>UNIGE_ALL</setSpec><setSpec>uge_aobs_RapidILL_BOOK</setSpec><setSpec>uge_acar_RapidILL_BOOK</setSpec></header><metadata>
<record xmlns="http://www.loc.gov/MARC21/slim" xmlns:xsi="http://www.w3.org/2001/XMLSchema-instance" xsi:schemaLocation="http://www.loc.gov/MARC21/slim http://www.loc.gov/standards/marcxml/schema/MARC21slim.xsd"><leader>02412nam a2200613 c 4500</leader><controlfield tag="001">991000047779705502</controlfield><controlfield tag="005">20230619202238.0</controlfield><controlfield tag="008">201012s2012    xxu||||| |||| 00| ||eng d</controlfield><datafield ind1=" " ind2=" " tag="010"><subfield code="a">2011044203</subfield></datafield><datafield ind1=" " ind2=" " tag="020"><subfield code="a">0806142529</subfield><subfield code="q">pbk. : alk. paper</subfield></datafield><datafield ind1=" " ind2=" " tag="020"><subfield code="a">9780806142524</subfield><subfield code="q">pbk. : alk. paper</subfield></datafield><datafield ind1=" " ind2=" " tag="035"><subfield code="a">(swissbib)237768453-41slsp_network</subfield></datafield><datafield ind1=" " ind2=" " tag="035"><subfield code="a">237768453</subfield><subfield code="9">ExL</subfield></datafield><datafield ind1=" " ind2=" " tag="035"><subfield code="a">(RERO)R007082128-41slsp</subfield></datafield><datafield ind1=" " ind2=" " tag="035"><subfield code="a">(IDSBB)005941729DSV01</subfield></datafield><datafield ind1=" " ind2=" " tag="035"><subfield code="a">(OCoLC)759907992</subfield></datafield><datafield ind1=" " ind2=" " tag="035"><subfield code="a">(EXLNZ-41SLSP_NETWORK)991057819489705501</subfield></datafield><datafield ind1=" " ind2=" " tag="040"><subfield code="a">CGU</subfield><subfield code="d">CH-ZuSLS</subfield></datafield><datafield ind1="0" ind2=" " tag="041"><subfield code="a">eng</subfield><subfield code="a">lat</subfield></datafield><datafield ind1="1" ind2="4" tag="050"><subfield code="a">PA6246</subfield><subfield code="b">.B46 2012</subfield></datafield><datafield ind1=" " ind2="7" tag="072"><subfield code="a">la</subfield><subfield code="2">rero</subfield></datafield><datafield ind1=" " ind2="7" tag="072"><subfield code="a">kp</subfield><subfield code="2">SzZuIDS BS/BE</subfield></datafield><datafield ind1=" " ind2="7" tag="072"><subfield code="a">ag</subfield><subfield code="2">SzZuIDS BS/BE</subfield></datafield><datafield ind1="1" ind2=" " tag="080"><subfield code="a">871CAES7Gal</subfield></datafield><datafield ind1="0" ind2="0" tag="082"><subfield code="a">878/.01</subfield><subfield code="2">23</subfield></datafield><datafield ind1="1" ind2="4" tag="082"><subfield code="a">930</subfield><subfield code="2">15</subfield></datafield><datafield ind1=" " ind2=" " tag="084"><subfield code="a">FX 166101</subfield><subfield code="2">rvk</subfield></datafield><datafield ind1=" " ind2=" " tag="084"><subfield code="a">FX 166105</subfield><subfield code="2">rvk</subfield></datafield><datafield ind1="1" ind2=" " tag="100"><subfield code="a">Benario, Herbert W.</subfield><subfield code="d">19..-....</subfield><subfield code="0">(IDREF)085861367</subfield><subfield code="4">cre</subfield></datafield><datafield ind1="1" ind2="0" tag="245"><subfield code="a">Caesar's Gallic war</subfield><subfield code="b">a commentary</subfield><subfield code="c">Herbert W. Benario</subfield></datafield><datafield ind1=" " ind2="1" tag="264"><subfield code="a">Norman</subfield><subfield code="b">University of Oklahoma Press</subfield><subfield code="c">2012</subfield></datafield><datafield ind1=" " ind2=" " tag="300"><subfield code="a">x, 103 p.</subfield><subfield code="b">ill., map</subfield><subfield code="c">22 cm</subfield></datafield><datafield ind1=" " ind2=" " tag="336"><subfield code="b">txt</subfield><subfield code="2">rdacontent</subfield></datafield><datafield ind1=" " ind2=" " tag="337"><subfield code="b">n</subfield><subfield code="2">rdamedia</subfield></datafield><datafield ind1=" " ind2=" " tag="338"><subfield code="b">nc</subfield><subfield code="2">rdacarrier</subfield></datafield><datafield ind1="1" ind2=" " tag="490"><subfield code="a">Oklahoma series in classical culture</subfield><subfield code="v">vol. 46</subfield></datafield><datafield ind1=" " ind2=" " tag="500"><subfield code="a">Contient des extraits du texte &quot;De bello Gallico&quot; en latin suivi de commentaires en anglais</subfield></datafield><datafield ind1=" " ind2=" " tag="500"><subfield code="a">Latin text with English commentary</subfield></datafield><datafield ind1=" " ind2=" " tag="504"><subfield code="a">Includes bibliographical references and indexes</subfield></datafield><datafield ind1="1" ind2="0" tag="600"><subfield code="a">Caesar, Julius.</subfield><subfield code="t">De bello Gallico</subfield></datafield><datafield ind1="0" ind2="7" tag="600"><subfield code="a">César, Jules</subfield><subfield code="d">0100-0044 av. J.-C.</subfield><subfield code="t">Guerre des Gaules</subfield><subfield code="0">(IDREF)02739526X</subfield><subfield code="2">idref</subfield></datafield><datafield ind1="1" ind2="0" tag="600"><subfield code="a">Caesar, Julius</subfield><subfield code="t">De bello Gallico</subfield></datafield><datafield ind1="1" ind2="7" tag="600"><subfield code="a">Caesar, Gaius Iulius</subfield><subfield code="d">v100-v44</subfield><subfield code="0">(DE-588)118518275</subfield><subfield code="2">gnd</subfield></datafield><datafield ind1="1" ind2="7" tag="600"><subfield code="a">Caesar, Gaius Iulius</subfield><subfield code="d">v100-v44</subfield><subfield code="t">De bello Gallico</subfield><subfield code="0">(DE-588)4201260-0</subfield><subfield code="2">gnd</subfield></datafield><datafield ind1=" " ind2="0" tag="650"><subfield code="a">Latin language</subfield><subfield code="v">Glossaries, vocabularies, etc</subfield></datafield><datafield ind1=" " ind2="0" tag="651"><subfield code="a">Gaul</subfield><subfield code="x">History</subfield><subfield code="y">Gallic Wars, 58-51 B.C</subfield></datafield><datafield ind1=" " ind2="7" tag="655"><subfield code="a">Commentaire de texte</subfield><subfield code="0">(IDREF)27790681</subfield><subfield code="2">idref</subfield></datafield><datafield ind1=" " ind2="7" tag="655"><subfield code="a">Kommentar</subfield><subfield code="2">gnd-content</subfield></datafield><datafield ind1="1" ind2=" " tag="700"><subfield code="a">Caesar, Gaius Iulius</subfield><subfield code="d">v100-v44</subfield><subfield code="0">(DE-588)118518275</subfield></datafield><datafield ind1="1" ind2="2" tag="700"><subfield code="a">Caesar, Gaius Iulius</subfield><subfield code="d">v100-v44</subfield><subfield code="t">Bellum Gallicum</subfield><subfield code="k">Auswahl</subfield></datafield><datafield ind1="1" ind2="2" tag="700"><subfield code="a">Caesar, Caius Julius</subfield><subfield code="t">De bello Gallico</subfield></datafield><datafield ind1="1" ind2=" " tag="700"><subfield code="a">Caesar, Caius Julius</subfield></datafield><datafield ind1="4" ind2=" " tag="856"><subfield code="3">Inhaltsverzeichnis</subfield><subfield code="u">http://www.ub.unibas.ch/tox/IDSBB/005941729/PDF</subfield><subfield code="q">pdf</subfield></datafield><datafield ind1=" " ind2="0" tag="830"><subfield code="a">Oklahoma series in classical culture</subfield><subfield code="v">46</subfield><subfield code="w">(RERO)1337669-41slsp</subfield></datafield><datafield ind1=" " ind2=" " tag="949"><subfield code="a">http://www.ub.unibas.ch/tox/IDSBB/005941729/PDF</subfield></datafield></record>
</metadata></record>