<record><header><identifier>oai:alma.41SLSP_UGE:991000047569705502</identifier><datestamp>2023-03-30T00:11:18Z</datestamp><setSpec>uge_bcen_RapidILL_BOOK</setSpec><setSpec>uge_aaca_RapidILL_BOOK</setSpec><setSpec>uge_abels_RapidILL_BOOK</setSpec><setSpec>uge_dbu_RapidILL_BOOK</setSpec><setSpec>uge_cmu_RapidILL_BOOK</setSpec><setSpec>uge_mail_RapidILL_BOOK</setSpec><setSpec>uge_abbat_RapidILL_BOOK</setSpec><setSpec>UNIGE_ALL</setSpec><setSpec>uge_acar_RapidILL_BOOK</setSpec><setSpec>uge_aobs_RapidILL_BOOK</setSpec></header><metadata>
<record xmlns="http://www.loc.gov/MARC21/slim" xmlns:xsi="http://www.w3.org/2001/XMLSchema-instance" xsi:schemaLocation="http://www.loc.gov/MARC21/slim http://www.loc.gov/standards/marcxml/schema/MARC21slim.xsd"><leader>01159nam a2200349 c 4500</leader><controlfield tag="001">991000047569705502</controlfield><controlfield tag="005">20230329200804.0</controlfield><controlfield tag="008">060220s2006    sz ||||| |||| 10| ||fre d</controlfield><datafield ind1=" " ind2=" " tag="020"><subfield code="a">2940330050</subfield></datafield><datafield ind1=" " ind2=" " tag="020"><subfield code="a">2940330042</subfield></datafield><datafield ind1=" " ind2=" " tag="035"><subfield code="a">(swissbib)102993440-41slsp_network</subfield></datafield><datafield ind1=" " ind2=" " tag="035"><subfield code="a">102993440</subfield><subfield code="9">ExL</subfield></datafield><datafield ind1=" " ind2=" " tag="035"><subfield code="a">(RERO)R003995305-41slsp</subfield></datafield><datafield ind1=" " ind2=" " tag="035"><subfield code="a">(EXLNZ-41SLSP_NETWORK)991010876319705501</subfield></datafield><datafield ind1=" " ind2=" " tag="040"><subfield code="a">RERO geuth-</subfield><subfield code="d">CH-ZuSLS</subfield></datafield><datafield ind1=" " ind2=" " tag="044"><subfield code="a">sz</subfield><subfield code="c">ch-ge</subfield></datafield><datafield ind1=" " ind2="7" tag="072"><subfield code="a">ps</subfield><subfield code="2">rero</subfield></datafield><datafield ind1=" " ind2="7" tag="072"><subfield code="a">th</subfield><subfield code="2">rero</subfield></datafield><datafield ind1="0" ind2="0" tag="245"><subfield code="a">&lt;&lt;Les&gt;&gt; secrets de famille</subfield><subfield code="b">les reconnaître pour mieux les aborder</subfield><subfield code="c">Jacques Poujol ... [et al.]</subfield></datafield><datafield ind1=" " ind2="1" tag="264"><subfield code="a">Genève</subfield><subfield code="b">Je sème</subfield><subfield code="c">2006</subfield></datafield><datafield ind1=" " ind2=" " tag="300"><subfield code="a">109 p.</subfield></datafield><datafield ind1=" " ind2=" " tag="336"><subfield code="b">txt</subfield><subfield code="2">rdacontent</subfield></datafield><datafield ind1=" " ind2=" " tag="337"><subfield code="b">n</subfield><subfield code="2">rdamedia</subfield></datafield><datafield ind1=" " ind2=" " tag="338"><subfield code="b">nc</subfield><subfield code="2">rdacarrier</subfield></datafield><datafield ind1="1" ind2=" " tag="490"><subfield code="a">Dossier vivre</subfield><subfield code="v">no 25</subfield></datafield><datafield ind1=" " ind2=" " tag="500"><subfield code="a">Rencontres de Lavigny, janvier 2005</subfield></datafield><datafield ind1=" " ind2="7" tag="650"><subfield code="a">Théologie</subfield><subfield code="0">(IDREF)027488446</subfield><subfield code="2">idref</subfield></datafield><datafield ind1=" " ind2="7" tag="650"><subfield code="a">Secrets de famille</subfield><subfield code="0">(IDREF)034190732</subfield><subfield code="2">idref</subfield></datafield><datafield ind1=" " ind2="7" tag="655"><subfield code="a">Actes de congrès</subfield><subfield code="0">(IDREF)02886431X</subfield><subfield code="2">idref</subfield></datafield><datafield ind1="1" ind2=" " tag="700"><subfield code="a">Poujol, Jacques</subfield><subfield code="0">(RERO)A003707987</subfield></datafield><datafield ind1="2" ind2=" " tag="711"><subfield code="a">Rencontres de Lavigny</subfield><subfield code="d">2005</subfield><subfield code="0">(RERO)A011926151</subfield></datafield><datafield ind1=" " ind2=" " tag="830"><subfield code="a">Dossier Vivre</subfield><subfield code="v">25</subfield><subfield code="w">(RERO)R257678360-41slsp</subfield></datafield><datafield ind1=" " ind2=" " tag="900"><subfield code="a">REROnoselfmerge</subfield></datafield></record>
</metadata></record>