<record><header><identifier>oai:alma.41SLSP_UGE:991000048089705502</identifier><datestamp>2024-04-11T00:17:25Z</datestamp><setSpec>uge_bcen_RapidILL_BOOK</setSpec><setSpec>uge_aaca_RapidILL_BOOK</setSpec><setSpec>uge_abels_RapidILL_BOOK</setSpec><setSpec>uge_dbu_RapidILL_BOOK</setSpec><setSpec>uge_cmu_RapidILL_BOOK</setSpec><setSpec>uge_mail_RapidILL_BOOK</setSpec><setSpec>uge_abbat_RapidILL_BOOK</setSpec><setSpec>UNIGE_ALL</setSpec><setSpec>uge_aobs_RapidILL_BOOK</setSpec><setSpec>uge_acar_RapidILL_BOOK</setSpec></header><metadata>
<record xmlns="http://www.loc.gov/MARC21/slim" xmlns:xsi="http://www.w3.org/2001/XMLSchema-instance" xsi:schemaLocation="http://www.loc.gov/MARC21/slim http://www.loc.gov/standards/marcxml/schema/MARC21slim.xsd"><leader>08459nam a2201009 c 4500</leader><controlfield tag="001">991000048089705502</controlfield><controlfield tag="005">20240410142724.0</controlfield><controlfield tag="008">201011s2011    sz       l    00| | ger  </controlfield><datafield ind1=" " ind2=" " tag="020"><subfield code="a">9783725560950</subfield></datafield><datafield ind1=" " ind2=" " tag="035"><subfield code="a">(swissbib)219147108-41slsp_network</subfield></datafield><datafield ind1=" " ind2=" " tag="035"><subfield code="a">219147108</subfield><subfield code="9">ExL</subfield></datafield><datafield ind1=" " ind2=" " tag="035"><subfield code="a">(IDSLU)000980650ILU01</subfield></datafield><datafield ind1=" " ind2=" " tag="035"><subfield code="a">(IDSSG)000528138HSB01</subfield></datafield><datafield ind1=" " ind2=" " tag="035"><subfield code="a">(RERO)R005923010-41slsp</subfield></datafield><datafield ind1=" " ind2=" " tag="035"><subfield code="a">(IDSBB)005566938DSV01</subfield></datafield><datafield ind1=" " ind2=" " tag="035"><subfield code="a">(NEBIS)006357619EBI01</subfield></datafield><datafield ind1=" " ind2=" " tag="035"><subfield code="a">(ALEX)bv001446169</subfield></datafield><datafield ind1=" " ind2=" " tag="035"><subfield code="a">(EXLNZ-41SLSP_NETWORK)991101876559705501</subfield></datafield><datafield ind1=" " ind2=" " tag="040"><subfield code="a">SzZuIDS BS/BE B464</subfield><subfield code="e">kids</subfield><subfield code="d">CH-ZuSLS</subfield></datafield><datafield ind1=" " ind2=" " tag="044"><subfield code="a">sz</subfield><subfield code="c">ch-zh</subfield></datafield><datafield ind1=" " ind2="7" tag="072"><subfield code="a">807</subfield><subfield code="2">IDS LU</subfield></datafield><datafield ind1=" " ind2="7" tag="072"><subfield code="a">842</subfield><subfield code="2">IDS LU</subfield></datafield><datafield ind1=" " ind2="7" tag="072"><subfield code="a">dr</subfield><subfield code="2">rero</subfield></datafield><datafield ind1=" " ind2="7" tag="072"><subfield code="a">rw</subfield><subfield code="2">SzZuIDS BS/BE</subfield></datafield><datafield ind1="0" ind2="4" tag="082"><subfield code="a">346.49406626</subfield><subfield code="2">23</subfield></datafield><datafield ind1="0" ind2="4" tag="082"><subfield code="a">346.4940662</subfield><subfield code="2">22</subfield></datafield><datafield ind1="1" ind2="4" tag="082"><subfield code="a">340</subfield><subfield code="2">15</subfield></datafield><datafield ind1=" " ind2=" " tag="084"><subfield code="a">CA/CH 79.1 b</subfield><subfield code="2">cjurrom</subfield></datafield><datafield ind1=" " ind2=" " tag="084"><subfield code="a">CA/CH 82 b</subfield><subfield code="2">cjurrom</subfield></datafield><datafield ind1="1" ind2=" " tag="100"><subfield code="6">880-01</subfield><subfield code="a">Gericke, Dieter</subfield><subfield code="d">1965-....</subfield><subfield code="0">(IDREF)256922241</subfield><subfield code="4">cre</subfield></datafield><datafield ind1="1" ind2=" " tag="880"><subfield code="a">Gericke, Dieter</subfield><subfield code="d">1965-</subfield><subfield code="0">(DE-588)173111564</subfield><subfield code="6">100-01</subfield></datafield><datafield ind1="1" ind2="0" tag="245"><subfield code="a">Kommentar Übernahmeverordnung (UEV)</subfield><subfield code="b">Kommentierung der Verordnung der Übernahmekommission über öffentliche Kaufangebote vom 21. August 2008 (SR 954.195.1)</subfield><subfield code="c">Dieter Gericke, Karin Wiedmer</subfield></datafield><datafield ind1="1" ind2="3" tag="246"><subfield code="a">UEV</subfield></datafield><datafield ind1=" " ind2="1" tag="264"><subfield code="a">Zürich</subfield><subfield code="b">Schulthess</subfield><subfield code="c">2011</subfield></datafield><datafield ind1=" " ind2=" " tag="300"><subfield code="a">615 S.</subfield><subfield code="c">23 cm</subfield></datafield><datafield ind1=" " ind2=" " tag="336"><subfield code="b">txt</subfield><subfield code="2">rdacontent</subfield></datafield><datafield ind1=" " ind2=" " tag="337"><subfield code="b">n</subfield><subfield code="2">rdamedia</subfield></datafield><datafield ind1=" " ind2=" " tag="338"><subfield code="b">nc</subfield><subfield code="2">rdacarrier</subfield></datafield><datafield ind1=" " ind2=" " tag="500"><subfield code="a">Sachregister</subfield></datafield><datafield ind1=" " ind2=" " tag="500"><subfield code="a">Enthält auch den Gesetzestext</subfield></datafield><datafield ind1=" " ind2=" " tag="500"><subfield code="a">Stand Gesetzgebung am 1. Juni 2010</subfield></datafield><datafield ind1=" " ind2=" " tag="504"><subfield code="a">Literaturverz.</subfield></datafield><datafield ind1="1" ind2="7" tag="610"><subfield code="a">Schweiz</subfield><subfield code="t">Übernahmeverordnung</subfield><subfield code="0">(DE-588)7738663-2</subfield><subfield code="2">gnd</subfield></datafield><datafield ind1=" " ind2="7" tag="650"><subfield code="a">öffentliches Übernahmeangebot</subfield><subfield code="9">ger</subfield><subfield code="0">(RERO)jurivoc000016431ger</subfield><subfield code="2">jurivoc</subfield></datafield><datafield ind1=" " ind2="7" tag="650"><subfield code="a">Verordnung der Übernahmekommission über öffentliche Kaufangebote</subfield><subfield code="9">ger</subfield><subfield code="0">(RERO)jurivoc000024826ger</subfield><subfield code="2">jurivoc</subfield></datafield><datafield ind1=" " ind2="7" tag="650"><subfield code="a">droit boursier</subfield><subfield code="0">(RERO)A009969933</subfield><subfield code="2">rerovoc</subfield></datafield><datafield ind1=" " ind2="7" tag="650"><subfield code="a">offre publique d'achat</subfield><subfield code="0">(RERO)A010014950</subfield><subfield code="2">rerovoc</subfield></datafield><datafield ind1=" " ind2="7" tag="650"><subfield code="a">Börsennotierte Aktiengesellschaft</subfield><subfield code="0">(DE-588)7721343-9</subfield><subfield code="2">gnd</subfield></datafield><datafield ind1=" " ind2="7" tag="650"><subfield code="a">Börsenrecht</subfield><subfield code="0">(DE-588)4138526-3</subfield><subfield code="2">gnd</subfield></datafield><datafield ind1=" " ind2="7" tag="650"><subfield code="a">Übernahmeangebot</subfield><subfield code="0">(DE-588)4186613-7</subfield><subfield code="2">gnd</subfield></datafield><datafield ind1=" " ind2="7" tag="650"><subfield code="a">Wirtschaftsrecht</subfield><subfield code="0">(DE-588)4066510-0</subfield><subfield code="2">gnd</subfield></datafield><datafield ind1=" " ind2="7" tag="650"><subfield code="a">Übernahme</subfield><subfield code="2">idszbz</subfield></datafield><datafield ind1=" " ind2="7" tag="650"><subfield code="a">Börsenrecht</subfield><subfield code="2">idszbz</subfield></datafield><datafield ind1=" " ind2="0" tag="650"><subfield code="a">Consolidation and merger of corporations</subfield><subfield code="x">Law and legislation</subfield><subfield code="z">Switzerland</subfield></datafield><datafield ind1=" " ind2="0" tag="650"><subfield code="a">Tender offers (Securities)</subfield><subfield code="x">Law and legislation</subfield><subfield code="z">Switzerland</subfield></datafield><datafield ind1=" " ind2="7" tag="650"><subfield code="a">WIRTSCHAFTSRECHT + WIRTSCHAFTSGESETZGEBUNG</subfield><subfield code="9">ger</subfield><subfield code="0">(ETHUDK)000011689</subfield><subfield code="2">ethudk</subfield></datafield><datafield ind1=" " ind2="7" tag="651"><subfield code="a">Schweiz</subfield><subfield code="9">ger</subfield><subfield code="0">(RERO)jurivoc000019912ger</subfield><subfield code="2">jurivoc</subfield></datafield><datafield ind1=" " ind2="7" tag="651"><subfield code="a">Suisse</subfield><subfield code="0">(IDREF)027249654</subfield><subfield code="2">idref</subfield></datafield><datafield ind1=" " ind2="7" tag="651"><subfield code="a">Schweiz</subfield><subfield code="0">(DE-588)4053881-3</subfield><subfield code="2">gnd</subfield></datafield><datafield ind1=" " ind2="7" tag="651"><subfield code="a">Schweiz</subfield><subfield code="2">idszbz</subfield></datafield><datafield ind1=" " ind2="7" tag="655"><subfield code="a">Textreproduktion</subfield><subfield code="9">ger</subfield><subfield code="2">jurivoc</subfield><subfield code="0">(RERO)jurivoc000022433ger</subfield></datafield><datafield ind1=" " ind2="7" tag="655"><subfield code="a">Kommentar(Werk)</subfield><subfield code="9">ger</subfield><subfield code="2">jurivoc</subfield><subfield code="0">(RERO)jurivoc000013038ger</subfield></datafield><datafield ind1=" " ind2="7" tag="655"><subfield code="a">Manuels d'enseignement</subfield><subfield code="0">(IDREF)027446514</subfield><subfield code="2">idref</subfield></datafield><datafield ind1=" " ind2="7" tag="655"><subfield code="a">Quelle</subfield><subfield code="2">gnd-content</subfield></datafield><datafield ind1=" " ind2="7" tag="655"><subfield code="a">Kommentar</subfield><subfield code="2">gnd-content</subfield></datafield><datafield ind1=" " ind2="7" tag="655"><subfield code="a">Kommentar</subfield><subfield code="2">idszbz</subfield></datafield><datafield ind1=" " ind2=" " tag="690"><subfield code="a">Absatz; Regelung; Invalidenversicherung; Angebot; Gegenstand; Geschichte; Publikation</subfield><subfield code="2">idssg-J</subfield></datafield><datafield ind1=" " ind2=" " tag="690"><subfield code="a">Entstehungsgeschichte; Regelungsgegenstand; Angebotsprospekt; Angebotsänderung; Beteiligungspapier; Tauschangebot; Übernahmekommission; Zielgesellschaft; Abwehrmaßnahme; Abkürzungsverzeichnis; Kaufangebot; Literaturverzeichnis; Prüfungsauftrag; Angebotsrestriktion; Auslegungshilfe; Nichteinführung; Rechtsanwendung; Stimmrechtsbeschränkung; Substanzveränderung; Zweckverfolgung; Generalversammlungsbeschluss; Gleichbehandlung; Lückenfüllung; Prüfungsstandard; Rechtsetzung; Rechtsfindung; Rücktrittsrecht; Übernahmerecht; Übernahmeverordnung; Aktienbuch; Anbieterpflicht; Andienungsquote; Anwendungsbereich; Anwendungsfall; Ausführungsbestimmung; Bedingungseintritt; Börsentag; Ertragslage; Finanzinstrument; Finanzlage; Geltungsdauer; Informationsaustausch; Interessenkonflikt; Karenzfrist; Normzweck; Prüfstelle; Rechtsfolge; Rechtsnatur; Rechtswirkung; Regelfall; Regelungszweck; Rückkauf; Rücktrittsfrist; Stellungnahme; Tatbestand; Vermögenslage</subfield><subfield code="2">idssg-J</subfield></datafield><datafield ind1=" " ind2=" " tag="690"><subfield code="a">einfaches Verfahren; wahre Information; weitere Angabe; Offenzuleger Interessenkonflikt; advers Change; allgemeine Bestimmung; allgemeines Vertragsrecht; andere Behörde; angebotene Effekten; auslösendes Ereignis; bedeutender Aktionär; bedeutende Aktionärin; bedingtes Angebot; bedingte Voranmeldung; beeinflussbare Bedingung; behördliche Stellung; besondere Bedingung; besondere Information; besonderer Prüfungsauftrag; betroffene Person; börsenkotierte Effekten; definitives Zwischenergebnis; eigenes Beteiligungspapier; einzelner Anbieter; elektronisches Medium; erfassende Effekten; erfasste Handlung; erlaubte Änderung; fehlerhaftes Zwischenergebnis; freie Wahlmöglichkeit; früher Zeitpunkt; gebotener Preis; gebührenpflichtige Person; geheime Beratung; gemeinsame Absprache; gesetzwidrige Abwehrmaßnahme; geändertes Angebot; grenzwertüberschreitendes Angebot; grundsätzliche Anwendbarkeit; handelnde Person; hoher Preis; konkurrierendes Angebot; maßgeblicher Zeitpunkt; meldepflichtige Person; meldepflichtige Transaktion; nachträgliche Prüfung; neuer Bericht; organisierte Gruppe; potenzieller Anbieter; potenzielles Angebot; provisorisches Zwischenergebnis; qualifizierter Aktionär; qualifizierte Aktionärin; rasches Verfahren; schriftliches Verfahren; separate Veröffentlichung; sonstige Anbieterpflicht; strafrechtliche Haftung; strafrechtliche Sanktion; ständiges Sekretariat; untersagtes Angebot; unzulässige Abwehrmaßnahme; unzulässige Bedingung; vollständige Information; vorgängige Prüfung; weitere Angabe; weitere Bedingung; weitere Wirkung; weitere Zwecksetzung; wesentliche Angabe; wesentliche Erschwernis; zeitgleiche Veröffentlichung; zeitlicher Anwendungsbereich; zeitlicher Geltungsbereich; zivilrechtliche Haftung; zivilrechtliche Rechtsfolge; zugelassene Prüfstelle; zusätzliche Angabe; zusätzliches Geschäft; zwingende Einhaltung; zwingende Nachfrist; öffentliche Bekanntgabe</subfield><subfield code="2">idssg-J</subfield></datafield><datafield ind1=" " ind2=" " tag="690"><subfield code="a">; öffentliche Information; öffentliches Kaufangebot; öffentliches Tauschangebot; übermäßige Substanzveränderung; übernahmerechtliche Sanktion</subfield><subfield code="2">idssg-J</subfield></datafield><datafield ind1=" " ind2=" " tag="690"><subfield code="a">Schweiz C4EXSI; Marokko C6MORO</subfield><subfield code="2">idssg-J</subfield></datafield><datafield ind1=" " ind2=" " tag="690"><subfield code="a">Abs. Abs. Satz; allgemein Bestimmungen Art. Zweck; Art. Abs. Satz; B. Abwehrmassnahmen; B. Amtssprachen; B. Angebotsfrist; B. Angebotsinserat; B. Anordnung; B. Ansetzung; B. Anwendungsbereich; B. Beginn; B. Bestätigung; B. Finanzinstrumente; B. Fristenwahrung; B. Gegenstand; B. Generalklausel; B. Haftung; B. Interventionspflicht; B. Lauterkeit; B. Material Adverse Change; B. Meldefrist; B. Mindestangaben; B. Nachweis; B. Normgehalt; B. Objekt; B. Parteistellung; B. Rechtsfolgen; B. Schutz; B. Sonderfragen; B. Stellungnahme; B. Unabhängigkeit; B. Ungleichbehandlung; B. Vereinbarungen; B. Verfügungskompetenz; B. Verhältnis; B. Veröffentlichung; B. Vorbereitung; B. Wahlrecht; B. Weiterzug; B. Zeitpunkt; B. Zusammensetzung; B. Zustellung; B. Zweckklausel; B. Änderungen; Beschwerdeverfahren Art. Amtsgeheimnis; C. Angebotsänderung; C. Antrag; C. Anwendung; C. Anzeige; C. Ausnahmen; C. Einsprachefrist; C. Entscheidungsprozess; C. Förderung; C. Genehmigungen; C. Höhe; C. Information; C. Interessenkonflikte</subfield><subfield code="2">idssg-J</subfield></datafield><datafield ind1=" " ind2=" " tag="691"><subfield code="e">PC 79.1 CH</subfield><subfield code="2">rzs-L1</subfield></datafield><datafield ind1=" " ind2=" " tag="691"><subfield code="e">PC 82 CH</subfield><subfield code="2">rzs-L1</subfield></datafield><datafield ind1="1" ind2=" " tag="700"><subfield code="a">Wiedmer, Karin</subfield><subfield code="0">(DE-588)1205779574</subfield><subfield code="4">aut</subfield><subfield code="6">880-03</subfield></datafield><datafield ind1="1" ind2=" " tag="880"><subfield code="a">Wiedmer, Karin</subfield><subfield code="0">(RERO)A017325866</subfield><subfield code="6">700-03</subfield></datafield><datafield ind1="1" ind2="2" tag="710"><subfield code="a">Suisse</subfield><subfield code="t">Lois et arrêtés</subfield><subfield code="d">2008</subfield></datafield><datafield ind1="1" ind2=" " tag="710"><subfield code="a">Schweiz</subfield><subfield code="0">(DE-588)4053881-3</subfield></datafield><datafield ind1=" " ind2=" " tag="751"><subfield code="a">Schweiz</subfield><subfield code="0">(DE-588)4053881-3</subfield></datafield><datafield ind1=" " ind2=" " tag="751"><subfield code="a">Schweiz</subfield><subfield code="0">(DE-588)4053881-3</subfield></datafield><datafield ind1=" " ind2=" " tag="751"><subfield code="a">Schweiz</subfield><subfield code="0">(DE-588)4053881-3</subfield></datafield><datafield ind1="4" ind2=" " tag="856"><subfield code="3">Titelblatt und Inhaltsverzeichnis</subfield><subfield code="u">https://toc.library.ethz.ch/objects/pdf/z01_978-3-7255-6095-0_01.pdf</subfield><subfield code="q">pdf</subfield></datafield><datafield ind1=" " ind2=" " tag="900"><subfield code="a">Stoppsignal FRED</subfield></datafield><datafield ind1=" " ind2=" " tag="900"><subfield code="a">IDSE5E51ANH-2011</subfield></datafield><datafield ind1=" " ind2=" " tag="900"><subfield code="a">IDSZ1ZH</subfield></datafield><datafield ind1=" " ind2=" " tag="900"><subfield code="a">IDSZ2rwimon201103i</subfield><subfield code="c">IDSZ2buche 110307</subfield><subfield code="d">IDSZ2rwiswk201103b</subfield><subfield code="e">IDSZ2sust</subfield></datafield><datafield ind1=" " ind2=" " tag="900"><subfield code="a">IDSZ2zbzmon201103l</subfield><subfield code="c">IDSZ2muez</subfield><subfield code="d">IDSZ2zbzswk201103u</subfield><subfield code="e">IDSZ2bruu</subfield></datafield><datafield ind1=" " ind2=" " tag="949"><subfield code="a">https://toc.library.ethz.ch/objects/pdf/z01_978-3-7255-6095-0_01.pdf</subfield></datafield></record>
</metadata></record>