<record><header><identifier>oai:alma.41SLSP_UGE:991000047379705502</identifier><datestamp>2023-11-25T01:50:13Z</datestamp><setSpec>uge_bcen_RapidILL_BOOK</setSpec><setSpec>uge_aaca_RapidILL_BOOK</setSpec><setSpec>uge_abels_RapidILL_BOOK</setSpec><setSpec>uge_dbu_RapidILL_BOOK</setSpec><setSpec>uge_cmu_RapidILL_BOOK</setSpec><setSpec>uge_mail_RapidILL_BOOK</setSpec><setSpec>uge_abbat_RapidILL_BOOK</setSpec><setSpec>UNIGE_ALL</setSpec><setSpec>uge_aobs_RapidILL_BOOK</setSpec><setSpec>uge_acar_RapidILL_BOOK</setSpec></header><metadata>
<record xmlns="http://www.loc.gov/MARC21/slim" xmlns:xsi="http://www.w3.org/2001/XMLSchema-instance" xsi:schemaLocation="http://www.loc.gov/MARC21/slim http://www.loc.gov/standards/marcxml/schema/MARC21slim.xsd"><leader>03214nam a2200853 c 4500</leader><controlfield tag="001">991000047379705502</controlfield><controlfield tag="005">20230327183503.0</controlfield><controlfield tag="008">201012s1988    xxk||||| |||| 00| ||eng d</controlfield><datafield ind1=" " ind2=" " tag="020"><subfield code="a">0854961496</subfield></datafield><datafield ind1="7" ind2=" " tag="024"><subfield code="a">http://catalogue.bnf.fr/ark:/12148/cb37423861k</subfield><subfield code="2">uri</subfield></datafield><datafield ind1=" " ind2=" " tag="035"><subfield code="a">(swissbib)235172405-41slsp_network</subfield></datafield><datafield ind1=" " ind2=" " tag="035"><subfield code="a">235172405</subfield><subfield code="9">ExL</subfield></datafield><datafield ind1=" " ind2=" " tag="035"><subfield code="a">(RERO)1016010-41slsp</subfield></datafield><datafield ind1=" " ind2=" " tag="035"><subfield code="a">(NEBIS)001103530EBI01</subfield></datafield><datafield ind1=" " ind2=" " tag="035"><subfield code="a">(IDSBB)000410750DSV01</subfield></datafield><datafield ind1=" " ind2=" " tag="035"><subfield code="a">(IDSBB)002355559DSV01</subfield></datafield><datafield ind1=" " ind2=" " tag="035"><subfield code="a">(ALEX)bv000302020</subfield></datafield><datafield ind1=" " ind2=" " tag="035"><subfield code="a">(EXLNZ-41SLSP_NETWORK)991060328549705501</subfield></datafield><datafield ind1=" " ind2=" " tag="040"><subfield code="a">RERO labcud</subfield><subfield code="d">CH-ZuSLS</subfield></datafield><datafield ind1=" " ind2=" " tag="044"><subfield code="a">xxk</subfield><subfield code="a">xxu</subfield></datafield><datafield ind1=" " ind2="7" tag="072"><subfield code="a">sp</subfield><subfield code="2">rero</subfield></datafield><datafield ind1=" " ind2="7" tag="072"><subfield code="a">po</subfield><subfield code="2">SzZuIDS BS/BE</subfield></datafield><datafield ind1=" " ind2="7" tag="072"><subfield code="a">ma</subfield><subfield code="2">SzZuIDS BS/BE</subfield></datafield><datafield ind1="0" ind2="0" tag="082"><subfield code="a">355/.0330497</subfield><subfield code="2">19</subfield></datafield><datafield ind1="0" ind2="4" tag="082"><subfield code="a">355.0335497</subfield><subfield code="2">19</subfield></datafield><datafield ind1="0" ind2="4" tag="082"><subfield code="a">355'.0335'497</subfield></datafield><datafield ind1="1" ind2="4" tag="082"><subfield code="a">355.033 0497</subfield><subfield code="2">22</subfield></datafield><datafield ind1="1" ind2="4" tag="082"><subfield code="a">350</subfield><subfield code="2">15</subfield></datafield><datafield ind1="1" ind2="4" tag="082"><subfield code="a">320</subfield><subfield code="2">15</subfield></datafield><datafield ind1=" " ind2=" " tag="084"><subfield code="a">MG 90940</subfield><subfield code="2">rvk</subfield></datafield><datafield ind1="1" ind2=" " tag="100"><subfield code="a">Milivojcevic, Marko</subfield></datafield><datafield ind1="1" ind2="0" tag="245"><subfield code="a">Yugoslavia's security dilemmas</subfield><subfield code="b">armed forces, national defence and foreign policy</subfield><subfield code="c">ed. by Marko Milivojević, John B. Allcock and Pierre Maurer</subfield></datafield><datafield ind1=" " ind2="1" tag="264"><subfield code="a">Oxford</subfield><subfield code="a">New York [etc.]</subfield><subfield code="b">Berg</subfield><subfield code="c">1988</subfield></datafield><datafield ind1=" " ind2=" " tag="300"><subfield code="a">VIII, 324 S., Taf.</subfield><subfield code="b">Ill.</subfield><subfield code="c">22 cm</subfield></datafield><datafield ind1=" " ind2=" " tag="336"><subfield code="b">txt</subfield><subfield code="2">rdacontent</subfield></datafield><datafield ind1=" " ind2=" " tag="337"><subfield code="b">n</subfield><subfield code="2">rdamedia</subfield></datafield><datafield ind1=" " ind2=" " tag="338"><subfield code="b">nc</subfield><subfield code="2">rdacarrier</subfield></datafield><datafield ind1="1" ind2=" " tag="490"><subfield code="a">East European and Soviet studies</subfield></datafield><datafield ind1=" " ind2=" " tag="500"><subfield code="a">Papers from a conference sponsored by the Postgraduate School of Yugoslav Studies at the University of Bradford on Dec. 13, 1986</subfield></datafield><datafield ind1=" " ind2=" " tag="504"><subfield code="a">Literaturverz.</subfield></datafield><datafield ind1=" " ind2="7" tag="650"><subfield code="a">20e siècle</subfield><subfield code="0">(IDREF)086305646</subfield><subfield code="2">idref</subfield></datafield><datafield ind1=" " ind2="7" tag="650"><subfield code="a">Défense</subfield><subfield code="0">(IDREF)027810194</subfield><subfield code="2">idref</subfield></datafield><datafield ind1=" " ind2="7" tag="650"><subfield code="a">Sicherheitspolitik</subfield><subfield code="2">idszbz</subfield></datafield><datafield ind1=" " ind2="7" tag="650"><subfield code="a">Außenpolitik</subfield><subfield code="0">(DE-588)4003846-4</subfield><subfield code="2">gnd</subfield></datafield><datafield ind1=" " ind2="7" tag="650"><subfield code="a">Kongress</subfield><subfield code="0">(DE-588)4130470-6</subfield><subfield code="2">gnd</subfield></datafield><datafield ind1=" " ind2="7" tag="650"><subfield code="a">Militärpolitik</subfield><subfield code="0">(DE-588)4065004-2</subfield><subfield code="2">gnd</subfield></datafield><datafield ind1=" " ind2="7" tag="650"><subfield code="a">Sicherheitspolitik</subfield><subfield code="0">(DE-588)4116489-1</subfield><subfield code="2">gnd</subfield></datafield><datafield ind1=" " ind2="0" tag="650"><subfield code="a">National security</subfield><subfield code="z">Yugoslavia</subfield><subfield code="v">Congresses</subfield></datafield><datafield ind1=" " ind2="7" tag="650"><subfield code="a">Militär</subfield><subfield code="z">Jugoslawien</subfield><subfield code="2">idsbb</subfield></datafield><datafield ind1=" " ind2="7" tag="650"><subfield code="a">Sicherheitspolitik</subfield><subfield code="z">Jugoslawien</subfield><subfield code="2">idsbb</subfield></datafield><datafield ind1=" " ind2="4" tag="650"><subfield code="a">Außenpolitik</subfield></datafield><datafield ind1=" " ind2="4" tag="650"><subfield code="a">Militärpolitik</subfield></datafield><datafield ind1=" " ind2="4" tag="650"><subfield code="a">Sicherheitspolitik</subfield></datafield><datafield ind1=" " ind2="7" tag="651"><subfield code="a">Yougoslavie</subfield><subfield code="0">(IDREF)027256308</subfield><subfield code="2">idref</subfield></datafield><datafield ind1=" " ind2="7" tag="651"><subfield code="a">Jugoslawien</subfield><subfield code="2">idszbz</subfield></datafield><datafield ind1=" " ind2="7" tag="651"><subfield code="a">Jugoslawien</subfield><subfield code="0">(DE-588)4028966-7</subfield><subfield code="2">gnd</subfield></datafield><datafield ind1=" " ind2="0" tag="651"><subfield code="a">Yugoslavia</subfield><subfield code="x">Defenses</subfield><subfield code="v">Congresses</subfield></datafield><datafield ind1=" " ind2="0" tag="651"><subfield code="a">Yugoslavia</subfield><subfield code="x">Foreign relations</subfield><subfield code="y">1945-1980</subfield><subfield code="v">Congresses</subfield></datafield><datafield ind1=" " ind2="0" tag="651"><subfield code="a">Yugoslavia</subfield><subfield code="x">Foreign relations</subfield><subfield code="y">1980-1992</subfield><subfield code="v">Congresses</subfield></datafield><datafield ind1=" " ind2="0" tag="651"><subfield code="a">Yugoslavia</subfield><subfield code="x">Military policy</subfield></datafield><datafield ind1=" " ind2="7" tag="651"><subfield code="a">Jugoslawien</subfield><subfield code="x">Politik</subfield><subfield code="2">idsbb</subfield></datafield><datafield ind1=" " ind2="4" tag="651"><subfield code="a">Jugoslawien</subfield></datafield><datafield ind1=" " ind2="7" tag="655"><subfield code="a">[Études diverses]</subfield><subfield code="0">(RERO)A022249905</subfield><subfield code="2">rero</subfield></datafield><datafield ind1=" " ind2="7" tag="655"><subfield code="a">Aufsatzsammlung</subfield><subfield code="2">idszbz</subfield></datafield><datafield ind1=" " ind2="7" tag="655"><subfield code="a">Aufsatzsammlung</subfield><subfield code="2">gnd-content</subfield></datafield><datafield ind1=" " ind2="7" tag="655"><subfield code="a">Konferenzschrift</subfield><subfield code="z">Bradford</subfield><subfield code="y">1986</subfield><subfield code="2">gnd-content</subfield></datafield><datafield ind1=" " ind2="4" tag="655"><subfield code="a">Aufsatzsammlung</subfield></datafield><datafield ind1=" " ind2=" " tag="691"><subfield code="e">355</subfield><subfield code="a">Militär, Osteuropa</subfield><subfield code="2">ube-GL</subfield></datafield><datafield ind1=" " ind2=" " tag="691"><subfield code="e">327</subfield><subfield code="a">Internationale Politik, Aussenpolitik, Osteuropa</subfield><subfield code="2">ube-GL</subfield></datafield><datafield ind1="1" ind2=" " tag="700"><subfield code="a">Allock, John B.</subfield></datafield><datafield ind1="1" ind2=" " tag="700"><subfield code="a">Allcock, John B.</subfield></datafield><datafield ind1="1" ind2=" " tag="700"><subfield code="a">Milivojević, Marko</subfield><subfield code="d">1957-....</subfield><subfield code="0">(IDREF)031687989</subfield></datafield><datafield ind1="1" ind2=" " tag="700"><subfield code="a">Maurer, Pierre</subfield><subfield code="0">(IDREF)033636168</subfield></datafield><datafield ind1=" " ind2=" " tag="830"><subfield code="a">East European and soviet studies</subfield><subfield code="w">(RERO)1016013-41slsp</subfield></datafield><datafield ind1=" " ind2=" " tag="900"><subfield code="a">REROnoselfmerge</subfield></datafield><datafield ind1=" " ind2=" " tag="900"><subfield code="a">IDSBBnoselfmerge</subfield></datafield></record>
</metadata></record>