<record><header><identifier>oai:alma.41SLSP_UGE:991000047689705502</identifier><datestamp>2024-09-16T00:07:44Z</datestamp><setSpec>uge_bcen_RapidILL_BOOK</setSpec><setSpec>uge_aaca_RapidILL_BOOK</setSpec><setSpec>uge_abels_RapidILL_BOOK</setSpec><setSpec>uge_dbu_RapidILL_BOOK</setSpec><setSpec>uge_cmu_RapidILL_BOOK</setSpec><setSpec>uge_mail_RapidILL_BOOK</setSpec><setSpec>uge_abbat_RapidILL_BOOK</setSpec><setSpec>UNIGE_ALL</setSpec><setSpec>uge_aobs_RapidILL_BOOK</setSpec><setSpec>uge_acar_RapidILL_BOOK</setSpec></header><metadata>
<record xmlns="http://www.loc.gov/MARC21/slim" xmlns:xsi="http://www.w3.org/2001/XMLSchema-instance" xsi:schemaLocation="http://www.loc.gov/MARC21/slim http://www.loc.gov/standards/marcxml/schema/MARC21slim.xsd"><leader>03686nam a2200853 c 4500</leader><controlfield tag="001">991000047689705502</controlfield><controlfield tag="005">20240322130520.0</controlfield><controlfield tag="008">201011s1991    fr ||||| |||| 00| ||fre d</controlfield><datafield ind1=" " ind2=" " tag="020"><subfield code="a">2222043557</subfield></datafield><datafield ind1="7" ind2=" " tag="024"><subfield code="a">http://catalogue.bnf.fr/ark:/12148/cb354596149</subfield><subfield code="2">uri</subfield></datafield><datafield ind1=" " ind2=" " tag="035"><subfield code="a">(swissbib)221252800-41slsp_network</subfield></datafield><datafield ind1=" " ind2=" " tag="035"><subfield code="a">221252800</subfield><subfield code="9">ExL</subfield></datafield><datafield ind1=" " ind2=" " tag="035"><subfield code="a">(RERO)1482503-41slsp</subfield></datafield><datafield ind1=" " ind2=" " tag="035"><subfield code="a">(NEBIS)001205235EBI01</subfield></datafield><datafield ind1=" " ind2=" " tag="035"><subfield code="a">(IDSBB)000774790DSV01</subfield></datafield><datafield ind1=" " ind2=" " tag="035"><subfield code="a">(IDSLU)000069377ILU01</subfield></datafield><datafield ind1=" " ind2=" " tag="035"><subfield code="a">(EXLNZ-41SLSP_NETWORK)991024083359705501</subfield></datafield><datafield ind1=" " ind2=" " tag="040"><subfield code="a">RERO frbcuc</subfield><subfield code="d">CH-ZuSLS</subfield></datafield><datafield ind1=" " ind2="7" tag="072"><subfield code="a">bt</subfield><subfield code="2">rero</subfield></datafield><datafield ind1=" " ind2="7" tag="072"><subfield code="a">hs</subfield><subfield code="2">SzZuIDS BS/BE</subfield></datafield><datafield ind1=" " ind2="7" tag="072"><subfield code="a">kh</subfield><subfield code="2">SzZuIDS BS/BE</subfield></datafield><datafield ind1=" " ind2="7" tag="072"><subfield code="a">090</subfield><subfield code="2">IDS LU</subfield></datafield><datafield ind1="0" ind2="0" tag="082"><subfield code="a">745.6/7/0940744442</subfield><subfield code="2">20</subfield></datafield><datafield ind1="0" ind2="4" tag="082"><subfield code="a">011.310944426</subfield></datafield><datafield ind1="1" ind2="4" tag="082"><subfield code="a">015.444 26031</subfield><subfield code="2">22</subfield></datafield><datafield ind1="1" ind2="4" tag="082"><subfield code="a">090</subfield><subfield code="2">15</subfield></datafield><datafield ind1=" " ind2=" " tag="084"><subfield code="a">9,10</subfield><subfield code="2">ssgn</subfield></datafield><datafield ind1=" " ind2=" " tag="084"><subfield code="a">AM 71200</subfield><subfield code="2">rvk</subfield></datafield><datafield ind1=" " ind2=" " tag="084"><subfield code="a">AM 97350</subfield><subfield code="2">rvk</subfield></datafield><datafield ind1="1" ind2=" " tag="100"><subfield code="6">880-01</subfield><subfield code="a">Załuska, Yolanta</subfield><subfield code="d">1940-</subfield><subfield code="0">(DE-588)172471184</subfield></datafield><datafield ind1="1" ind2=" " tag="880"><subfield code="6">100-01</subfield><subfield code="a">Załuska, Yolanta</subfield><subfield code="d">1940-....</subfield><subfield code="0">(IDREF)027202399</subfield><subfield code="4">cre</subfield></datafield><datafield ind1="1" ind2="0" tag="245"><subfield code="a">Manuscrits enluminés de Dijon</subfield><subfield code="c">par Yolanta Załuska ; avec la collab. de Marie-Françoise Damongeot, France Saulnier et Guy Lanoë</subfield></datafield><datafield ind1=" " ind2="1" tag="264"><subfield code="a">Paris</subfield><subfield code="b">Ed. du Centre national de la recherche scientifique</subfield><subfield code="c">1991</subfield></datafield><datafield ind1=" " ind2=" " tag="300"><subfield code="a">388 p., [16], CXLVIII p. de pl.</subfield><subfield code="b">tabl.</subfield><subfield code="c">31 cm</subfield></datafield><datafield ind1=" " ind2=" " tag="336"><subfield code="b">txt</subfield><subfield code="2">rdacontent</subfield></datafield><datafield ind1=" " ind2=" " tag="337"><subfield code="b">n</subfield><subfield code="2">rdamedia</subfield></datafield><datafield ind1=" " ind2=" " tag="338"><subfield code="b">nc</subfield><subfield code="2">rdacarrier</subfield></datafield><datafield ind1="1" ind2=" " tag="490"><subfield code="a">Corpus des manuscrits enluminés des collections publiques des départements</subfield><subfield code="v">1</subfield></datafield><datafield ind1=" " ind2=" " tag="504"><subfield code="a">Literaturverz.</subfield></datafield><datafield ind1="2" ind2="7" tag="610"><subfield code="a">Bibliothèque municipale Dijon</subfield><subfield code="2">idszbz</subfield></datafield><datafield ind1=" " ind2="7" tag="650"><subfield code="a">Manuscrits à peintures</subfield><subfield code="0">(IDREF)027238520</subfield><subfield code="2">idref</subfield></datafield><datafield ind1=" " ind2="7" tag="650"><subfield code="a">9e siècle-1932</subfield><subfield code="0">(RERO)A027011081</subfield><subfield code="2">rero</subfield></datafield><datafield ind1=" " ind2="7" tag="650"><subfield code="a">Enluminure française bourguignonne</subfield><subfield code="0">(RERO)A027728061</subfield><subfield code="2">rero</subfield></datafield><datafield ind1=" " ind2="7" tag="650"><subfield code="a">Bilderhandschrift</subfield><subfield code="2">idszbz</subfield></datafield><datafield ind1=" " ind2="7" tag="650"><subfield code="a">Handschrift</subfield><subfield code="2">idszbz</subfield></datafield><datafield ind1=" " ind2="7" tag="650"><subfield code="a">Buchmalerei</subfield><subfield code="0">(DE-588)4008650-1</subfield><subfield code="2">gnd</subfield></datafield><datafield ind1=" " ind2="7" tag="650"><subfield code="a">Illuminierte Handschrift</subfield><subfield code="0">(DE-588)4120472-4</subfield><subfield code="2">gnd</subfield></datafield><datafield ind1=" " ind2="7" tag="650"><subfield code="a">Katalog</subfield><subfield code="0">(DE-588)4163417-2</subfield><subfield code="2">gnd</subfield></datafield><datafield ind1=" " ind2="0" tag="650"><subfield code="a">Illumination of books and manuscripts, French</subfield><subfield code="z">France</subfield><subfield code="z">Dijon</subfield><subfield code="v">Catalogs</subfield></datafield><datafield ind1=" " ind2="0" tag="650"><subfield code="a">Illumination of books and manuscripts</subfield><subfield code="z">France</subfield><subfield code="z">Dijon</subfield><subfield code="v">Catalogs</subfield></datafield><datafield ind1=" " ind2="7" tag="650"><subfield code="a">Buchmalerei</subfield><subfield code="v">Katalog</subfield><subfield code="2">idsbb</subfield></datafield><datafield ind1=" " ind2="7" tag="651"><subfield code="a">Dijon (Côte-d'Or, France)</subfield><subfield code="0">(IDREF)027224937</subfield><subfield code="2">idref</subfield></datafield><datafield ind1=" " ind2="7" tag="651"><subfield code="a">Burgund</subfield><subfield code="0">(DE-588)4129468-3</subfield><subfield code="2">gnd</subfield></datafield><datafield ind1=" " ind2="7" tag="651"><subfield code="a">Dijon</subfield><subfield code="0">(DE-588)4012315-7</subfield><subfield code="2">gnd</subfield></datafield><datafield ind1=" " ind2="7" tag="651"><subfield code="a">Frankreich</subfield><subfield code="0">(DE-588)4018145-5</subfield><subfield code="2">gnd</subfield></datafield><datafield ind1=" " ind2="7" tag="651"><subfield code="a">Dijon</subfield><subfield code="x">Handschrift</subfield><subfield code="v">Katalog</subfield><subfield code="2">idsbb</subfield></datafield><datafield ind1=" " ind2="7" tag="655"><subfield code="a">Catalogues</subfield><subfield code="0">(IDREF)027793222</subfield><subfield code="2">idref</subfield></datafield><datafield ind1=" " ind2="7" tag="655"><subfield code="a">Katalog</subfield><subfield code="2">idszbz</subfield></datafield><datafield ind1=" " ind2=" " tag="690"><subfield code="a">Dijon : Bibliothèque municipale : Illuminierte Handschrift</subfield><subfield code="2">uzb-VH</subfield></datafield><datafield ind1=" " ind2=" " tag="690"><subfield code="a">Illuminierte Handschrift : Geschichte 0500-1500</subfield><subfield code="2">uzb-VH</subfield></datafield><datafield ind1=" " ind2=" " tag="690"><subfield code="a">Dijon. Buchmalerei</subfield><subfield code="2">uzb-US</subfield></datafield><datafield ind1=" " ind2=" " tag="690"><subfield code="a">Cîteaux. Buchmalerei</subfield><subfield code="2">uzb-US</subfield></datafield><datafield ind1=" " ind2=" " tag="690"><subfield code="a">Buchmalerei. Sammler &amp; Sammlungen</subfield><subfield code="2">uzb-US</subfield></datafield><datafield ind1=" " ind2=" " tag="690"><subfield code="a">Dijon Bibliothek Handschriften Mittelalter Buchmalerei</subfield><subfield code="2">bsb-BB</subfield></datafield><datafield ind1=" " ind2=" " tag="690"><subfield code="a">Buchmalerei Mittelalter Dijon Bibliothek</subfield><subfield code="2">bsb-BB</subfield></datafield><datafield ind1=" " ind2=" " tag="690"><subfield code="a">Handschriften. Frankreich: Dijon. Geschichte. M.A.</subfield><subfield code="2">rzs-L1</subfield></datafield><datafield ind1=" " ind2=" " tag="690"><subfield code="a">Handschriftenkataloge. Frankreich: Dijon, B: Handschriften, illuminierte</subfield><subfield code="2">rzs-L1</subfield></datafield><datafield ind1=" " ind2=" " tag="690"><subfield code="a">Buchmalerei. Frankreich: Dijon. Geschichte. M.A.</subfield><subfield code="2">rzs-L1</subfield></datafield><datafield ind1="1" ind2=" " tag="700"><subfield code="a">Damongeot-Bourdat, Marie-Françoise</subfield><subfield code="d">1946-2017</subfield><subfield code="0">(DE-588)188480404</subfield></datafield><datafield ind1="1" ind2=" " tag="700"><subfield code="a">Saulnier, France</subfield></datafield><datafield ind1="1" ind2=" " tag="700"><subfield code="a">Lanoë, Guy</subfield></datafield><datafield ind1="1" ind2=" " tag="700"><subfield code="a">Zaluska, Yolanta</subfield></datafield><datafield ind1="1" ind2=" " tag="700"><subfield code="a">Damongeot, Marie-Françoise</subfield><subfield code="c">bibliothécaire, conservatrice et historienne française</subfield><subfield code="0">(IDREF)056805616</subfield></datafield><datafield ind1=" " ind2="0" tag="830"><subfield code="a">Corpus des manuscrits enluminés des collections publiques des départements</subfield><subfield code="v">1</subfield><subfield code="w">(RERO)1482507-41slsp</subfield></datafield><datafield ind1=" " ind2=" " tag="900"><subfield code="a">REROnoselfmerge</subfield></datafield><datafield ind1=" " ind2=" " tag="993"><subfield code="a">BFLB 15381/1</subfield><subfield code="x">ge/ulha/a/96</subfield><subfield code="9">LOCAL</subfield></datafield></record>
</metadata></record>