<record><header><identifier>oai:alma.41SLSP_UGE:991000047799705502</identifier><datestamp>2023-03-01T01:09:19Z</datestamp><setSpec>uge_bcen_RapidILL_BOOK</setSpec><setSpec>uge_aaca_RapidILL_BOOK</setSpec><setSpec>uge_abels_RapidILL_BOOK</setSpec><setSpec>uge_dbu_RapidILL_BOOK</setSpec><setSpec>uge_cmu_RapidILL_BOOK</setSpec><setSpec>uge_mail_RapidILL_BOOK</setSpec><setSpec>UNIGE_ALL</setSpec><setSpec>uge_abbat_RapidILL_BOOK</setSpec><setSpec>uge_acar_RapidILL_BOOK</setSpec><setSpec>uge_aobs_RapidILL_BOOK</setSpec></header><metadata>
<record xmlns="http://www.loc.gov/MARC21/slim" xmlns:xsi="http://www.w3.org/2001/XMLSchema-instance" xsi:schemaLocation="http://www.loc.gov/MARC21/slim http://www.loc.gov/standards/marcxml/schema/MARC21slim.xsd"><leader>03146nam a2200745 c 4500</leader><controlfield tag="001">991000047799705502</controlfield><controlfield tag="005">20230204200139.0</controlfield><controlfield tag="008">201011s2012    fr ||||| |||| 00| ||fre d</controlfield><datafield ind1=" " ind2=" " tag="020"><subfield code="a">9782251340623</subfield></datafield><datafield ind1=" " ind2=" " tag="035"><subfield code="a">(swissbib)216180872-41slsp_network</subfield></datafield><datafield ind1=" " ind2=" " tag="035"><subfield code="a">216180872</subfield><subfield code="9">ExL</subfield></datafield><datafield ind1=" " ind2=" " tag="035"><subfield code="a">(RERO)R006391182-41slsp</subfield></datafield><datafield ind1=" " ind2=" " tag="035"><subfield code="a">(IDSBB)005849236DSV01</subfield></datafield><datafield ind1=" " ind2=" " tag="035"><subfield code="a">(NEBIS)009720068EBI01</subfield></datafield><datafield ind1=" " ind2=" " tag="035"><subfield code="a">(IDSLU)001085584ILU01</subfield></datafield><datafield ind1=" " ind2=" " tag="035"><subfield code="a">(OCoLC)780196635</subfield></datafield><datafield ind1=" " ind2=" " tag="035"><subfield code="a">(EXLNZ-41SLSP_NETWORK)991046857969705501</subfield></datafield><datafield ind1=" " ind2=" " tag="040"><subfield code="a">RERO labcud</subfield><subfield code="d">CH-ZuSLS</subfield></datafield><datafield ind1="1" ind2=" " tag="041"><subfield code="a">fre</subfield><subfield code="a">lat</subfield><subfield code="h">lat</subfield></datafield><datafield ind1=" " ind2=" " tag="050"><subfield code="a">DC74.5</subfield><subfield code="b">.N5814 2012</subfield></datafield><datafield ind1=" " ind2="7" tag="072"><subfield code="a">hm</subfield><subfield code="2">rero</subfield></datafield><datafield ind1=" " ind2="7" tag="072"><subfield code="a">ng</subfield><subfield code="2">SzZuIDS BS/BE</subfield></datafield><datafield ind1=" " ind2="7" tag="072"><subfield code="a">630</subfield><subfield code="2">IDS LU</subfield></datafield><datafield ind1="1" ind2="4" tag="082"><subfield code="a">900</subfield><subfield code="2">15</subfield></datafield><datafield ind1=" " ind2=" " tag="084"><subfield code="a">NM 1125</subfield><subfield code="2">rvk</subfield></datafield><datafield ind1="0" ind2=" " tag="100"><subfield code="a">Nithardus</subfield><subfield code="c">Sancti Richardi</subfield><subfield code="d">-844</subfield><subfield code="0">(DE-588)100955525</subfield><subfield code="6">880-01</subfield></datafield><datafield ind1="0" ind2=" " tag="880"><subfield code="a">Nithardus</subfield><subfield code="c">Sancti Richardi</subfield><subfield code="0">(RERO)A013079642</subfield><subfield code="4">cre</subfield><subfield code="6">100-01</subfield></datafield><datafield ind1="1" ind2="0" tag="240"><subfield code="a">De dissensionibus filiorum Ludovici Pii</subfield></datafield><datafield ind1="1" ind2="0" tag="245"><subfield code="a">Histoire des fils de Louis le Pieux</subfield><subfield code="c">Nithard ; édition et traduction de Philippe Lauer ; revues par Sophie Glansdorff</subfield></datafield><datafield ind1=" " ind2="1" tag="264"><subfield code="a">Paris</subfield><subfield code="b">Les Belles Lettres</subfield><subfield code="c">2012</subfield></datafield><datafield ind1=" " ind2=" " tag="300"><subfield code="a">167 S.</subfield><subfield code="c">20 cm</subfield></datafield><datafield ind1=" " ind2=" " tag="336"><subfield code="b">txt</subfield><subfield code="2">rdacontent</subfield></datafield><datafield ind1=" " ind2=" " tag="337"><subfield code="b">n</subfield><subfield code="2">rdamedia</subfield></datafield><datafield ind1=" " ind2=" " tag="338"><subfield code="b">nc</subfield><subfield code="2">rdacarrier</subfield></datafield><datafield ind1="1" ind2=" " tag="490"><subfield code="a">Les classiques de l'histoire au Moyen Age</subfield><subfield code="v">volume 51</subfield></datafield><datafield ind1=" " ind2=" " tag="500"><subfield code="a">Index des noms de lieux, index des noms de personnes</subfield></datafield><datafield ind1=" " ind2=" " tag="500"><subfield code="a">Texte en latin avec la traduction française en regard</subfield></datafield><datafield ind1=" " ind2=" " tag="500"><subfield code="a">Originaltitel: Historiae</subfield></datafield><datafield ind1=" " ind2=" " tag="504"><subfield code="a">Bibliographie. pages [XXXI]-XLVI</subfield></datafield><datafield ind1="0" ind2="0" tag="600"><subfield code="a">Charles</subfield><subfield code="b">II</subfield><subfield code="c">King of France</subfield><subfield code="d">823-877</subfield></datafield><datafield ind1="0" ind2="0" tag="600"><subfield code="a">Lothair</subfield><subfield code="b">I</subfield><subfield code="c">Emperor</subfield><subfield code="d">795-855</subfield></datafield><datafield ind1="0" ind2="0" tag="600"><subfield code="a">Louis</subfield><subfield code="b">I</subfield><subfield code="c">Emperor</subfield><subfield code="d">778-840</subfield></datafield><datafield ind1="0" ind2="0" tag="600"><subfield code="a">Ludwig</subfield><subfield code="c">King of the East Franks</subfield><subfield code="d">804-876</subfield></datafield><datafield ind1="0" ind2="0" tag="600"><subfield code="a">Pepin</subfield><subfield code="b">I</subfield><subfield code="c">King of Aquitaine</subfield><subfield code="d">797-838</subfield></datafield><datafield ind1="0" ind2="7" tag="600"><subfield code="a">Karl</subfield><subfield code="b">II.</subfield><subfield code="c">Heiliges Römisches Reich, Kaiser</subfield><subfield code="d">823-877</subfield><subfield code="0">(DE-588)118640119</subfield><subfield code="2">gnd</subfield></datafield><datafield ind1="0" ind2="7" tag="600"><subfield code="a">Lothaire</subfield><subfield code="b">II.</subfield><subfield code="c">Lorraine, Roi</subfield><subfield code="d">835-869</subfield><subfield code="0">(DE-588)118826816</subfield><subfield code="2">gnd</subfield></datafield><datafield ind1="0" ind2="7" tag="600"><subfield code="a">Ludwig</subfield><subfield code="b">II.</subfield><subfield code="c">Ostfränkisches Reich, König</subfield><subfield code="d">805-876</subfield><subfield code="0">(DE-588)118863746</subfield><subfield code="2">gnd</subfield></datafield><datafield ind1="0" ind2="7" tag="600"><subfield code="a">Ludwig</subfield><subfield code="b">I.</subfield><subfield code="c">Heiliges Römisches Reich, Kaiser</subfield><subfield code="d">778-840</subfield><subfield code="0">(DE-588)118640658</subfield><subfield code="2">gnd</subfield></datafield><datafield ind1=" " ind2="7" tag="648"><subfield code="a">Geschichte 814-842</subfield><subfield code="2">gnd</subfield></datafield><datafield ind1=" " ind2="7" tag="650"><subfield code="a">9e siècle (milieu)</subfield><subfield code="0">(RERO)A025993047</subfield><subfield code="2">rero</subfield></datafield><datafield ind1=" " ind2="0" tag="650"><subfield code="a">Franks</subfield><subfield code="x">History</subfield><subfield code="y">814-843</subfield></datafield><datafield ind1=" " ind2="7" tag="650"><subfield code="a">Nachfolge</subfield><subfield code="0">(DE-588)4225195-3</subfield><subfield code="2">gnd</subfield></datafield><datafield ind1=" " ind2="7" tag="650"><subfield code="a">Auseinandersetzung</subfield><subfield code="0">(DE-588)4143508-4</subfield><subfield code="2">gnd</subfield></datafield><datafield ind1=" " ind2="7" tag="651"><subfield code="a">Empire carolingien</subfield><subfield code="0">(IDREF)027524329</subfield><subfield code="2">idref</subfield></datafield><datafield ind1=" " ind2="7" tag="655"><subfield code="a">Sources</subfield><subfield code="0">(IDREF)027537161</subfield><subfield code="2">idref</subfield></datafield><datafield ind1=" " ind2="7" tag="655"><subfield code="a">Quelle</subfield><subfield code="2">gnd-content</subfield></datafield><datafield ind1="0" ind2="2" tag="700"><subfield code="a">Nithardus</subfield><subfield code="c">Sancti Richardi</subfield><subfield code="t">De dissensionibus filiorum Ludovici Pii</subfield></datafield><datafield ind1="1" ind2=" " tag="700"><subfield code="a">Lauer, Philippe</subfield><subfield code="d">1874-1953</subfield><subfield code="0">(IDREF)026968495</subfield></datafield><datafield ind1="1" ind2=" " tag="700"><subfield code="a">Glansdorff, Sophie</subfield><subfield code="0">(IDREF)139294775</subfield></datafield><datafield ind1="4" ind2=" " tag="856"><subfield code="3">Inhaltsverzeichnis</subfield><subfield code="u">http://www.ub.unibas.ch/tox/IDSBB/005849236/PDF</subfield><subfield code="q">pdf</subfield></datafield><datafield ind1=" " ind2="0" tag="830"><subfield code="a">&lt;&lt;Les&gt;&gt; classiques de l'histoire au Moyen Age</subfield><subfield code="v">51</subfield><subfield code="w">(IDSBB)000054057DSV01</subfield></datafield><datafield ind1=" " ind2="0" tag="830"><subfield code="a">&lt;&lt;Les&gt;&gt; classiques de l'histoire au moyen âge</subfield><subfield code="v">51</subfield><subfield code="w">(NEBIS)006160621EBI01</subfield></datafield><datafield ind1=" " ind2=" " tag="900"><subfield code="a">REROnoselfmerge</subfield></datafield><datafield ind1=" " ind2=" " tag="911"><subfield code="a">100</subfield><subfield code="a">Nithard</subfield><subfield code="d">d. 844?</subfield></datafield><datafield ind1=" " ind2=" " tag="911"><subfield code="a">700</subfield><subfield code="a">Lauer, Philippe</subfield><subfield code="d">1874-1953</subfield></datafield><datafield ind1=" " ind2=" " tag="949"><subfield code="a">http://www.ub.unibas.ch/tox/IDSBB/005849236/PDF</subfield></datafield></record>
</metadata></record>