<record><header><identifier>oai:alma.41SLSP_UGE:991000047479705502</identifier><datestamp>2024-03-15T01:24:15Z</datestamp><setSpec>uge_bcen_RapidILL_BOOK</setSpec><setSpec>uge_aaca_RapidILL_BOOK</setSpec><setSpec>uge_abels_RapidILL_BOOK</setSpec><setSpec>uge_dbu_RapidILL_BOOK</setSpec><setSpec>uge_cmu_RapidILL_BOOK</setSpec><setSpec>uge_mail_RapidILL_BOOK</setSpec><setSpec>uge_abbat_RapidILL_BOOK</setSpec><setSpec>UNIGE_ALL</setSpec><setSpec>uge_acar_RapidILL_BOOK</setSpec><setSpec>uge_aobs_RapidILL_BOOK</setSpec></header><metadata>
<record xmlns="http://www.loc.gov/MARC21/slim" xmlns:xsi="http://www.w3.org/2001/XMLSchema-instance" xsi:schemaLocation="http://www.loc.gov/MARC21/slim http://www.loc.gov/standards/marcxml/schema/MARC21slim.xsd"><leader>02902nam a2200625 ca4500</leader><controlfield tag="001">991000047479705502</controlfield><controlfield tag="005">20240314021507.0</controlfield><controlfield tag="008">201011s1985    gw ||||| |||| 00| ||ger d</controlfield><datafield ind1=" " ind2=" " tag="019"><subfield code="a">Übergeordnete Aufnahme = Niveau supérieur = Livello superiore</subfield><subfield code="5">SLSP/2020</subfield></datafield><datafield ind1=" " ind2=" " tag="020"><subfield code="a">3924859043</subfield></datafield><datafield ind1=" " ind2=" " tag="020"><subfield code="a">3924859051</subfield></datafield><datafield ind1=" " ind2=" " tag="020"><subfield code="a">392485906X</subfield></datafield><datafield ind1=" " ind2=" " tag="020"><subfield code="a">3924859078</subfield></datafield><datafield ind1=" " ind2=" " tag="020"><subfield code="a">3924859086</subfield></datafield><datafield ind1=" " ind2=" " tag="020"><subfield code="a">3924859094</subfield></datafield><datafield ind1=" " ind2=" " tag="035"><subfield code="a">(swissbib)220862222-41slsp_network</subfield></datafield><datafield ind1=" " ind2=" " tag="035"><subfield code="a">220862222</subfield><subfield code="9">ExL</subfield></datafield><datafield ind1=" " ind2=" " tag="035"><subfield code="a">(RERO)0729772-41slsp</subfield></datafield><datafield ind1=" " ind2=" " tag="035"><subfield code="a">(NEBIS)000358876EBI01</subfield></datafield><datafield ind1=" " ind2=" " tag="035"><subfield code="a">(EXLNZ-41SLSP_NETWORK)991149342729705501</subfield></datafield><datafield ind1=" " ind2=" " tag="040"><subfield code="a">RERO laidap</subfield><subfield code="d">CH-ZuSLS</subfield></datafield><datafield ind1=" " ind2="7" tag="072"><subfield code="a">sp</subfield><subfield code="2">rero</subfield></datafield><datafield ind1=" " ind2="7" tag="072"><subfield code="a">ur</subfield><subfield code="2">rero</subfield></datafield><datafield ind1=" " ind2=" " tag="084"><subfield code="a">A 59 h</subfield><subfield code="2">cjurrom</subfield></datafield><datafield ind1="1" ind2=" " tag="100"><subfield code="a">Knoepfel, Peter</subfield><subfield code="d">1949-</subfield><subfield code="0">(DE-588)170159345</subfield><subfield code="6">880-01</subfield></datafield><datafield ind1="1" ind2=" " tag="880"><subfield code="6">100-01</subfield><subfield code="a">Knoepfel, Peter</subfield><subfield code="0">(IDREF)031771416</subfield><subfield code="4">cre</subfield></datafield><datafield ind1="1" ind2="0" tag="245"><subfield code="a">Luftreinhaltepolitik (stationäre Quellen) im internationalen Vergleich</subfield><subfield code="c">Peter Knoepfel, Helmut Weidner ; [Internationales Institut für Umwelt und Gesellschaft]</subfield></datafield><datafield ind1="1" ind2=" " tag="246"><subfield code="a">LUFTREINHALTEPOLITIK</subfield></datafield><datafield ind1=" " ind2="1" tag="264"><subfield code="a">Berlin</subfield><subfield code="b">Ed. Sigma</subfield><subfield code="c">1985</subfield></datafield><datafield ind1=" " ind2=" " tag="300"><subfield code="a">6 Bände.</subfield><subfield code="c">27 cm</subfield><subfield code="b">Fig.; Tab.</subfield></datafield><datafield ind1=" " ind2=" " tag="336"><subfield code="b">txt</subfield><subfield code="2">rdacontent</subfield></datafield><datafield ind1=" " ind2=" " tag="337"><subfield code="b">n</subfield><subfield code="2">rdamedia</subfield></datafield><datafield ind1=" " ind2=" " tag="338"><subfield code="b">nc</subfield><subfield code="2">rdacarrier</subfield></datafield><datafield ind1="0" ind2=" " tag="490"><subfield code="a">Wissenschaftszentrum Berlin</subfield><subfield code="v">Internationales Institut für Umwelt und Gesellschaft</subfield></datafield><datafield ind1=" " ind2="7" tag="650"><subfield code="a">lutte contre la pollution atmosphérique</subfield><subfield code="0">(RERO)A010210583</subfield><subfield code="2">rerovoc</subfield></datafield><datafield ind1=" " ind2="7" tag="650"><subfield code="a">pollution atmosphérique</subfield><subfield code="0">(RERO)A010020101</subfield><subfield code="2">rerovoc</subfield></datafield><datafield ind1=" " ind2="7" tag="650"><subfield code="a">Droit international</subfield><subfield code="0">(IDREF)050627597</subfield><subfield code="2">idref</subfield></datafield><datafield ind1=" " ind2="7" tag="650"><subfield code="a">Droit comparé</subfield><subfield code="0">(IDREF)027741451</subfield><subfield code="2">idref</subfield></datafield><datafield ind1=" " ind2="7" tag="650"><subfield code="a">BUNDESREPUBLIK DEUTSCHLAND (1945-1990)</subfield><subfield code="9">ger</subfield><subfield code="0">(ETHUDK)000001837</subfield><subfield code="2">ethudk</subfield></datafield><datafield ind1=" " ind2="7" tag="650"><subfield code="a">DROIT DE LA PROTECTION DE L'ENVIRONNEMENT</subfield><subfield code="9">fre</subfield><subfield code="0">(ETHUDK)000011614</subfield><subfield code="2">ethudk</subfield></datafield><datafield ind1=" " ind2="7" tag="650"><subfield code="a">ENGLAND (GROSSBRITANNIEN)</subfield><subfield code="9">ger</subfield><subfield code="0">(ETHUDK)000001682</subfield><subfield code="2">ethudk</subfield></datafield><datafield ind1=" " ind2="7" tag="650"><subfield code="a">FRANKREICH (WESTEUROPA). FRANZÖSISCHE REPUBLIK</subfield><subfield code="9">ger</subfield><subfield code="0">(ETHUDK)000003272</subfield><subfield code="2">ethudk</subfield></datafield><datafield ind1=" " ind2="7" tag="650"><subfield code="a">HOLLAND, REGION (NIEDERLANDE)</subfield><subfield code="9">ger</subfield><subfield code="0">(ETHUDK)000004437</subfield><subfield code="2">ethudk</subfield></datafield><datafield ind1=" " ind2="7" tag="650"><subfield code="a">INTERNATIONALER VERGLEICH (GESICHTSPUNKT)</subfield><subfield code="9">ger</subfield><subfield code="0">(ETHUDK)000055747</subfield><subfield code="2">ethudk</subfield></datafield><datafield ind1=" " ind2="7" tag="650"><subfield code="a">ITALIEN (SÜDEUROPA). REPUBLIK ITALIEN</subfield><subfield code="9">ger</subfield><subfield code="0">(ETHUDK)000003602</subfield><subfield code="2">ethudk</subfield></datafield><datafield ind1=" " ind2="7" tag="650"><subfield code="a">LUFTHYGIENE + LUFTREINHALTUNG (UMWELTSCHUTZ)</subfield><subfield code="9">ger</subfield><subfield code="0">(ETHUDK)000012439</subfield><subfield code="2">ethudk</subfield></datafield><datafield ind1=" " ind2="7" tag="650"><subfield code="a">LUFTREINHALTEPOLITIK (INNENPOLITIK)</subfield><subfield code="9">ger</subfield><subfield code="0">(ETHUDK)000046084</subfield><subfield code="2">ethudk</subfield></datafield><datafield ind1=" " ind2="7" tag="650"><subfield code="a">LUFTVERUNREINIGUNG (UMWELTPROBLEME)</subfield><subfield code="9">ger</subfield><subfield code="0">(ETHUDK)000012437</subfield><subfield code="2">ethudk</subfield></datafield><datafield ind1=" " ind2="7" tag="651"><subfield code="a">Europe de l'Ouest</subfield><subfield code="0">(IDREF)027224694</subfield><subfield code="2">idref</subfield></datafield><datafield ind1=" " ind2=" " tag="690"><subfield code="a">Europäische Gemeinschaft / 1985- ersch.</subfield><subfield code="2">uzb-Z9</subfield></datafield><datafield ind1=" " ind2=" " tag="690"><subfield code="a">Gasentschwefelung</subfield><subfield code="2">uzb-Z9</subfield></datafield><datafield ind1=" " ind2=" " tag="690"><subfield code="a">Luftreinhaltung / Einzelne Gebiete und Orte</subfield><subfield code="2">uzb-Z9</subfield></datafield><datafield ind1="1" ind2=" " tag="700"><subfield code="a">Weidner, Helmut</subfield><subfield code="0">(IDREF)031771440</subfield></datafield><datafield ind1="2" ind2=" " tag="710"><subfield code="a">Internationales Institut für Umwelt und Gesellschaft</subfield><subfield code="0">(IDREF)077156072</subfield></datafield><datafield ind1=" " ind2=" " tag="900"><subfield code="a">REROnoselfmerge</subfield></datafield><datafield ind1=" " ind2=" " tag="900"><subfield code="a">IDSZRMedeaZBZ</subfield><subfield code="b">IDSZRHOL</subfield></datafield></record>
</metadata></record>