<record><header><identifier>oai:alma.41SLSP_UGE:991000048209705502</identifier><datestamp>2023-04-09T00:49:07Z</datestamp><setSpec>uge_bcen_RapidILL_BOOK</setSpec><setSpec>uge_aaca_RapidILL_BOOK</setSpec><setSpec>uge_abels_RapidILL_BOOK</setSpec><setSpec>uge_dbu_RapidILL_BOOK</setSpec><setSpec>uge_cmu_RapidILL_BOOK</setSpec><setSpec>uge_mail_RapidILL_BOOK</setSpec><setSpec>UNIGE_ALL</setSpec><setSpec>uge_abbat_RapidILL_BOOK</setSpec><setSpec>uge_acar_RapidILL_BOOK</setSpec><setSpec>uge_aobs_RapidILL_BOOK</setSpec></header><metadata>
<record xmlns="http://www.loc.gov/MARC21/slim" xmlns:xsi="http://www.w3.org/2001/XMLSchema-instance" xsi:schemaLocation="http://www.loc.gov/MARC21/slim http://www.loc.gov/standards/marcxml/schema/MARC21slim.xsd"><leader>02366nam a22004572c 4500</leader><controlfield tag="001">991000048209705502</controlfield><controlfield tag="005">20230407192952.0</controlfield><controlfield tag="008">201011s2015    fr ||||| |||| 00| ||fre d</controlfield><datafield ind1=" " ind2=" " tag="020"><subfield code="a">9782746092655</subfield><subfield code="q">br</subfield></datafield><datafield ind1="7" ind2=" " tag="024"><subfield code="a">http://catalogue.bnf.fr/ark:/12148/cb44338245m</subfield><subfield code="2">uri</subfield></datafield><datafield ind1=" " ind2=" " tag="035"><subfield code="a">(swissbib)229150721-41slsp_network</subfield></datafield><datafield ind1=" " ind2=" " tag="035"><subfield code="a">229150721</subfield><subfield code="9">ExL</subfield></datafield><datafield ind1=" " ind2=" " tag="035"><subfield code="a">(RERO)R008144209-41slsp</subfield></datafield><datafield ind1=" " ind2=" " tag="035"><subfield code="a">(NEBIS)010431028EBI01</subfield></datafield><datafield ind1=" " ind2=" " tag="035"><subfield code="a">(EXLNZ-41SLSP_NETWORK)991083877019705501</subfield></datafield><datafield ind1=" " ind2=" " tag="040"><subfield code="a">ZWZ</subfield><subfield code="d">CH-ZuSLS</subfield></datafield><datafield ind1=" " ind2="7" tag="072"><subfield code="a">in</subfield><subfield code="2">rero</subfield></datafield><datafield ind1="0" ind2="4" tag="082"><subfield code="a">005.8</subfield><subfield code="2">22</subfield></datafield><datafield ind1="0" ind2="0" tag="245"><subfield code="a">Sécurité informatique</subfield><subfield code="b">ethical hacking : apprendre l'attaque pour mieux se défendre</subfield><subfield code="c">[ACISSI]</subfield></datafield><datafield ind1=" " ind2=" " tag="250"><subfield code="a">4e éd.</subfield></datafield><datafield ind1=" " ind2="1" tag="264"><subfield code="a">Saint-Herblain</subfield><subfield code="b">Éd. ENI</subfield><subfield code="c">2015</subfield></datafield><datafield ind1=" " ind2=" " tag="300"><subfield code="a">881 p.</subfield><subfield code="b">ill., couv. ill. en coul.</subfield><subfield code="c">22 cm</subfield></datafield><datafield ind1=" " ind2=" " tag="336"><subfield code="b">txt</subfield><subfield code="2">rdacontent</subfield></datafield><datafield ind1=" " ind2=" " tag="337"><subfield code="b">n</subfield><subfield code="2">rdamedia</subfield></datafield><datafield ind1=" " ind2=" " tag="338"><subfield code="b">nc</subfield><subfield code="2">rdacarrier</subfield></datafield><datafield ind1="0" ind2=" " tag="490"><subfield code="a">Epsilon</subfield></datafield><datafield ind1="0" ind2=" " tag="490"><subfield code="a">Epsilon. Informatique technique</subfield></datafield><datafield ind1=" " ind2=" " tag="500"><subfield code="a">ACISSI = Audit, conseil, installation et sécurisation des systèmes d'information</subfield></datafield><datafield ind1=" " ind2=" " tag="500"><subfield code="a">La couv. porte en plus: Informatique technique</subfield></datafield><datafield ind1="8" ind2=" " tag="520"><subfield code="a">&quot;Ce livre sur la sécurité informatique (et le ethical hacking) s'adresse à tout informaticien sensibilisé au concept de la sécurité informatique mais novice ou débutant dans le domaine de la sécurité des systèmes d'informations. Il a pour objectif d'initier le lecteur aux techniques des attaquants pour lui apprendre comment se défendre...&quot; [Source : 4e de couv.]</subfield></datafield><datafield ind1=" " ind2="7" tag="650"><subfield code="a">Systèmes d'information</subfield><subfield code="0">(IDREF)02736075X</subfield><subfield code="2">idref</subfield></datafield><datafield ind1=" " ind2="7" tag="650"><subfield code="a">Sécurité des systèmes</subfield><subfield code="0">(IDREF)032657064</subfield><subfield code="2">idref</subfield></datafield><datafield ind1=" " ind2="7" tag="650"><subfield code="a">Pirates informatiques</subfield><subfield code="0">(IDREF)061614408</subfield><subfield code="2">idref</subfield></datafield><datafield ind1=" " ind2="7" tag="650"><subfield code="a">Mesures de sûreté</subfield><subfield code="0">(IDREF)027798119</subfield><subfield code="2">idref</subfield></datafield><datafield ind1=" " ind2="7" tag="650"><subfield code="a">ADMINISTRATION DE SYSTÈMES INFORMATIQUES (GESTION DE SYSTÈMES INFORMATIQUES)</subfield><subfield code="9">fre</subfield><subfield code="0">(ETHUDK)000061425</subfield><subfield code="2">ethudk</subfield></datafield><datafield ind1=" " ind2="7" tag="650"><subfield code="a">SURVEILLANCE DE RÉSEAUX (SYSTÈMES INFORMATIQUES)</subfield><subfield code="9">fre</subfield><subfield code="0">(ETHUDK)000051539</subfield><subfield code="2">ethudk</subfield></datafield><datafield ind1=" " ind2="7" tag="650"><subfield code="a">SÉCURITÉ ET PROTECTION DES DONNÉES (SYSTÈMES D'EXPLOITATION)</subfield><subfield code="9">fre</subfield><subfield code="0">(ETHUDK)000034698</subfield><subfield code="2">ethudk</subfield></datafield><datafield ind1=" " ind2="7" tag="655"><subfield code="a">Guides pratiques</subfield><subfield code="0">(IDREF)027790045</subfield><subfield code="2">idref</subfield></datafield><datafield ind1="1" ind2=" " tag="710"><subfield code="a">ACISSI</subfield></datafield><datafield ind1="2" ind2=" " tag="710"><subfield code="a">Audit, conseil, installation et sécurisation des systèmes d'information</subfield><subfield code="0">(IDREF)137726627</subfield></datafield><datafield ind1=" " ind2=" " tag="900"><subfield code="a">REROnoselfmerge</subfield></datafield><datafield ind1=" " ind2=" " tag="910"><subfield code="a">OCoLC</subfield><subfield code="b">20150508</subfield><subfield code="c">Droits réservés</subfield></datafield></record>
</metadata></record>