<record><header><identifier>oai:alma.41SLSP_UGE:991000047599705502</identifier><datestamp>2023-03-01T01:09:19Z</datestamp><setSpec>uge_bcen_RapidILL_BOOK</setSpec><setSpec>uge_aaca_RapidILL_BOOK</setSpec><setSpec>uge_abels_RapidILL_BOOK</setSpec><setSpec>uge_dbu_RapidILL_BOOK</setSpec><setSpec>uge_cmu_RapidILL_BOOK</setSpec><setSpec>uge_mail_RapidILL_BOOK</setSpec><setSpec>UNIGE_ALL</setSpec><setSpec>uge_abbat_RapidILL_BOOK</setSpec><setSpec>uge_aobs_RapidILL_BOOK</setSpec><setSpec>uge_acar_RapidILL_BOOK</setSpec></header><metadata>
<record xmlns="http://www.loc.gov/MARC21/slim" xmlns:xsi="http://www.w3.org/2001/XMLSchema-instance" xsi:schemaLocation="http://www.loc.gov/MARC21/slim http://www.loc.gov/standards/marcxml/schema/MARC21slim.xsd"><leader>01406nam a2200421 c 4500</leader><controlfield tag="001">991000047599705502</controlfield><controlfield tag="005">20201229233749.0</controlfield><controlfield tag="008">201011s1964    xxk||||| |||| 00| ||eng d</controlfield><datafield ind1=" " ind2=" " tag="035"><subfield code="a">(swissbib)216578345-41slsp_network</subfield></datafield><datafield ind1=" " ind2=" " tag="035"><subfield code="a">216578345</subfield><subfield code="9">ExL</subfield></datafield><datafield ind1=" " ind2=" " tag="035"><subfield code="a">(RERO)0005345-41slsp</subfield></datafield><datafield ind1=" " ind2=" " tag="035"><subfield code="a">(NEBIS)005682837EBI01</subfield></datafield><datafield ind1=" " ind2=" " tag="035"><subfield code="a">(EXLNZ-41SLSP_NETWORK)991142700819705501</subfield></datafield><datafield ind1=" " ind2=" " tag="040"><subfield code="a">RERO</subfield><subfield code="d">CH-ZuSLS</subfield></datafield><datafield ind1=" " ind2="7" tag="072"><subfield code="a">an</subfield><subfield code="2">rero</subfield></datafield><datafield ind1="0" ind2="0" tag="082"><subfield code="a">821/.9/12</subfield></datafield><datafield ind1="0" ind2="4" tag="082"><subfield code="a">821.91</subfield><subfield code="2">21</subfield></datafield><datafield ind1="0" ind2="4" tag="082"><subfield code="a">821 .9 12</subfield></datafield><datafield ind1="1" ind2="4" tag="082"><subfield code="a">821.912</subfield></datafield><datafield ind1="1" ind2=" " tag="100"><subfield code="a">Buthlay, Kenneth</subfield><subfield code="0">(IDREF)07108603X</subfield><subfield code="4">cre</subfield></datafield><datafield ind1="1" ind2="0" tag="245"><subfield code="a">Hugh MacDiarmid (C.M. Grieve)</subfield><subfield code="c">Kenneth Buthlay</subfield></datafield><datafield ind1=" " ind2="1" tag="264"><subfield code="a">Edinburgh</subfield><subfield code="b">Oliver and Boyd</subfield><subfield code="c">1964</subfield></datafield><datafield ind1=" " ind2=" " tag="300"><subfield code="a">125 p.</subfield><subfield code="c">19 cm</subfield></datafield><datafield ind1=" " ind2=" " tag="336"><subfield code="b">txt</subfield><subfield code="2">rdacontent</subfield></datafield><datafield ind1=" " ind2=" " tag="337"><subfield code="b">n</subfield><subfield code="2">rdamedia</subfield></datafield><datafield ind1=" " ind2=" " tag="338"><subfield code="b">nc</subfield><subfield code="2">rdacarrier</subfield></datafield><datafield ind1="1" ind2=" " tag="490"><subfield code="a">Writers and critics</subfield><subfield code="v">36</subfield></datafield><datafield ind1="1" ind2="7" tag="600"><subfield code="a">MacDiarmid, Hugh</subfield><subfield code="d">1892-1978</subfield><subfield code="0">(IDREF)027514447</subfield><subfield code="2">idref</subfield></datafield><datafield ind1="1" ind2="7" tag="600"><subfield code="a">MacDiarmid, Hugh</subfield><subfield code="d">1892-1978</subfield><subfield code="0">(DE-588)118639382</subfield><subfield code="2">gnd</subfield></datafield><datafield ind1="1" ind2="0" tag="600"><subfield code="a">MacDiarmid, Hugh</subfield><subfield code="d">1892-1978</subfield></datafield><datafield ind1="1" ind2="0" tag="600"><subfield code="a">MacDiarmid, Hugh</subfield><subfield code="d">1892-1978</subfield><subfield code="x">Criticism and interpretation</subfield></datafield><datafield ind1=" " ind2="0" tag="650"><subfield code="a">Scotland</subfield><subfield code="x">In literature</subfield></datafield><datafield ind1=" " ind2="0" tag="651"><subfield code="a">Scotland</subfield><subfield code="x">In literature</subfield></datafield><datafield ind1=" " ind2=" " tag="830"><subfield code="a">Writers and critics</subfield><subfield code="v">36</subfield><subfield code="w">(NEBIS)005219093EBI01</subfield></datafield><datafield ind1=" " ind2=" " tag="830"><subfield code="a">Writers and critics</subfield><subfield code="v">36</subfield><subfield code="w">(RERO)0000315-41slsp</subfield></datafield><datafield ind1=" " ind2=" " tag="900"><subfield code="a">REROnoselfmerge</subfield></datafield><datafield ind1=" " ind2=" " tag="900"><subfield code="a">IDSZ2esmon200810r</subfield><subfield code="c">IDSZ2fumo</subfield></datafield><datafield ind1=" " ind2=" " tag="900"><subfield code="a">IDSZRMedeaZBZ</subfield><subfield code="b">IDSZRSWK</subfield></datafield><datafield ind1=" " ind2=" " tag="900"><subfield code="a">IDSZRMedeaZBZ</subfield><subfield code="b">IDSZRKonvolut</subfield></datafield></record>
</metadata></record><resumptionToken>1900-01-01@all@UNIGE_ALL@marc21@5986511370005502</resumptionToken></ListRecords></OAI-PMH>